3409 5384
725 514 957 577 -287-

661 714 724 771 545.
751 714 786 770 Iu
806 715 906 770 saneti
925 715 1023 771 Petri.

265 845 296 903 1.
321 841 415 916 Solve,
439 841 547 912 lingua,
571 855 665 898 moras
884 843 914 900 5.
938 839 1049 914 Sisque,
1073 840 1148 914 quod
1172 842 1298 917 resolvit,

319 927 360 984 Et
380 927 465 984 beato
487 925 588 983 laudes
937 925 1058 997 Templa
1081 926 1152 985 caeli
1175 926 1298 997 scandit,

321 1010 410 1070 Refer
431 1013 517 1072 Petro
540 1025 654 1067 canens.
937 1011 976 1068 Et
999 1011 1111 1070 Christo
1135 1012 1288 1085 coniungit.

264 1126 297 1182 2.
321 1122 430 1180 Lumen
453 1126 497 1178 est
516 1135 681 1178 eoncessum
886 1123 915 1181 6.
938 1121 1016 1194 Ergo
1039 1121 1171 1194 supplex,
1195 1123 1289 1197 Petre,

323 1207 372 1266 llli
393 1206 548 1279 gloriosum
938 1205 979 1263 Te
1002 1223 1080 1280 rogo,
1103 1205 1194 1282 beate,

323 1295 417 1364 Atque
440 1291 643 1349 venerandum.
939 1291 1059 1350 Vincula
1083 1291 1239 1366 disrumpe,

264 1407 298 1464 3.
322 1403 396 1461 Nam
419 1403 467 1459 hie
490 1402 561 1460 caeli
584 1408 683 1474 portas
888 1403 915 1462 V.
940 1402 1008 1472 Quis
1031 1409 1145 1462 coartor
1166 1403 1260 1476 nimis,

323 1489 444 1546 Reseret
466 1488 559 1545 beatis
940 1487 979 1544 Et
1001 1486 1055 1545 Dei
1079 1489 1241 1560 praeceptis

324 1573 510 1645 Obstruitque
531 1572 630 1646 malis;
939 1572 988 1630 Me
1011 1570 1171 1631 conformes
1194 1574 1261 1633 tuis.

266 1688 299 1745 4.
324 1683 373 1758 Et,
396 1682 471 1757 quod
494 1683 564 1742 velit
585 1697 698 1757 nexum,
888 1686 918 1745 8.
941 1682 1006 1757 Eia,
1029 1691 1128 1756 pastor
1150 1683 1232 1756 bone,

324 1768 444 1842 Semper
466 1774 508 1826 est
530 1768 648 1841 ligatum
940 1769 1094 1827 Errantem
1118 1770 1239 1844 require,

326 1853 617 1913 mmmm
939 1853 1241 1930 &mmme

607 1966 637 2023 9.
659 1967 830 2038 Inserasque
852 1964 942 2038 gregi,

662 2052 718 2109 Pro
740 2067 796 2123 quo
819 2049 951 2109 Christus
974 2051 1051 2108 cruci

663 2136 766 2192 Passus
788 2143 834 2195 est
857 2134 954 2208 adfigi.

449 2215 605 2268 Constitaee
623 2215 681 2284 [eos
696 2216 837 2283 principes
856 2231 1058 2282 superemmens
1076 2221 1171 2269 tersum
1190 2216 1254 2286 ete]

331 2340 411 2398 Trop.
434 2354 482 2387 ms.
506 2339 691 2388 Novaliciense
715 2354 784 2388 saec.
811 2337 849 2387 11.
887 2339 951 2388 Cod.
975 2340 1103 2388 Oxouieu.
1128 2340 1218 2389 Douce
1242 2335 1300 2389 222.
1319 2364 1352 2374 -
1369 2337 1387 2389 4
1403 2339 1440 2390 Et

258 2409 319 2474 qui.
332 2434 365 2443 -
376 2399 555 2459 Uberschrift:
569 2407 653 2472 „Ante
666 2403 859 2457 Offertorium“.
888 2409 998 2457 Istcine
1011 2406 1174 2457 Introductio
1186 2423 1253 2473 ganz
1267 2409 1372 2474 eigener
1384 2407 1439 2458 Art.

674 2592 736 2648 546.
756 2593 791 2647 In
809 2593 910 2649 saneti
929 2593 1027 2649 Petri.

469 2717 594 2776 Vocibus
615 2718 736 2775 excelsis
759 2719 873 2776 Domini
896 2735 1067 2776 veneramur
1089 2721 1203 2791 amicos,

536 2802 596 2861 Eia,
614 2800 745 2852 dieentes:
767 2797 919 2852 Constitaes
939 2813 984 2852 eos
998 2799 1139 2866 principes
1155 2807 1204 2852 ece.

334 2923 412 2987 Trop.
430 2937 478 2970 ms.
491 2921 663 2986 Sangallense
682 2936 750 2971 saec.
770 2917 810 2972 10.
838 2921 903 2972 (iod.
916 2922 1068 2988 Sangallen.
1086 2919 1145 2973 484.
1157 2921 1215 2972 add.
1230 2937 1297 2972 saec.
1311 2918 1352 2972 11.
1364 2921 1394 2976 A.
1408 2949 1441 2958 —

262 2993 344 3055 Trop.
370 3005 417 3039 ms.
443 2989 614 3055 Sangallense
638 3005 705 3039 saec.
726 2986 766 3038 11.
790 2992 826 3039 in.
863 2991 926 3040 Cod.
946 2991 1097 3055 Sangallen.
1115 2987 1173 3040 381.
1193 2993 1273 3040 [1.-
1290 2992 1369 3055 Trop.
1393 3007 1441 3040 ms.

266 3062 432 3110 Nive-mense
450 3074 516 3108 saec.
538 3055 578 3107 11,
614 3058 678 3109 Cod.
696 3059 809 3108 Parisin.
828 3055 905 3108 9449,
924 3060 954 3109 C.
971 3086 1006 3094 -
1022 3061 1101 3125 Trop.
1120 3075 1167 3108 ms.
1186 3059 1442 3123 Sammugloriunum

266 3143 337 3178 saec.
363 3123 402 3191 12.
437 3127 500 3177 Cod.
524 3127 639 3178 Parisin.
666 3122 763 3177 13252.
787 3129 821 3176 D.
840 3153 871 3160 -
898 3124 910 3176 1
936 3128 1071 3178 Laudibus
1095 3129 1128 3190 C,
1152 3144 1305 3178 veneremur
1323 3129 1356 3176 D.
1374 3125 1442 3177 -2

266 3196 321 3247 Eia
338 3196 453 3245 dieentes
471 3195 537 3245 fehlt
552 3196 631 3246 BOD.
649 3223 683 3231 —
700 3196 732 3245 In
750 3196 774 3245 D
793 3195 874 3245 heisst
891 3213 919 3246 es
938 3197 1086 3246 irrtrimlich
1107 3197 1154 3260 ,ad
1173 3193 1415 3247 communionem‘t

673 3378 736 3433 547.
764 3379 801 3434 Im
818 3380 919 3436 sancti
938 3379 1036 3436 Petri.

466 3504 598 3577 Claviger
618 3505 779 3579 aethereus,
803 3506 938 3579 princeps
960 3507 990 3564 in
1014 3507 1144 3579 principe
1167 3513 1258 3579 petro,

513 3589 674 3648 Ecclesiam
696 3591 829 3663 precibus
852 3591 926 3650 hanc
949 3608 1024 3665 rege,
1049 3594 1143 3667 Peme,
1167 3593 1240 3662 tuis,·

510 3737 514 3746 ι
574 3668 617 3721 Ta
634 3685 662 3723 es
679 3671 785 3735 Petras,
804 3677 828 3725 ct
846 3687 930 3740 ereper
946 3672 1017 3726 hunc
1033 3679 1137 3740 petram
1155 3679 1203 3726 ete.

339 3791 876 3855 TropmsMartialensesaee.10.ex.
912 3795 976 3846 Cod.
995 3797 1100 3846 Parisin
1129 3793 1202 3847 1118.
1222 3825 1254 3833 -
1273 3796 1327 3846 Der
1341 3797 1443 3862 Tropus

253 3875 330 3909 ,aium
344 3861 440 3909 Versus
460 3862 495 3910 ist
512 3862 662 3926 prosaisch:
680 3864 795 3913 Deitatis
813 3867 952 3929 inspector,
973 3865 1166 3914 vinculatorum
1185 3860 1315 3930 eatena[s]
1330 3866 1443 3925 solvens,

269 3944 337 3993 quos
355 3929 474 3977 accendit
490 3945 564 3978 amor
580 3931 610 3979 iu
626 3931 705 3981 laude
722 3931 801 3993 tuiis),
819 3933 942 3983 Beatus
958 3949 1005 3995 es,
1025 3933 1140 3984 Simon
1153 3939 1202 3984 etc.
1214 3959 1248 3968 -
1262 3930 1274 3983 l
1289 3934 1306 3984 1.
1325 3935 1444 3999 principe

269 3999 363 4062 petra?
381 4024 415 4030 —
432 3994 448 4046 2
466 4013 526 4062 rege
543 3998 630 4048 Petro,

644 4166 706 4224 548.
733 4168 769 4223 In
786 4171 888 4226 sancti
906 4169 1066 4240 Stephani.

404 4290 555 4362 Postquam
578 4293 776 4365 cunctipotens
798 4296 937 4354 remeavit
959 4296 997 4354 ad
1019 4305 1097 4354 astra
1120 4297 1294 4370 redemptor,

457 4370 606 4440 Eleperuat
622 4373 742 4441 apostoli
759 4372 928 4442 Stephanum
946 4377 1051 4432 levitam
1068 4377 1177 4446 plemam
1194 4377 1245 4448 fiete
1264 4389 1310 4433 ete.

342 4495 419 4558 Trop.
442 4509 490 4542 ms.
513 4495 668 4546 Prumiense
689 4512 758 4549 saec.
780 4494 846 4555 10Ιιι,
883 4500 947 4552 Cod.
967 4503 1081 4552 Parisin.
1102 4499 1178 4554 9448.
1196 4503 1227 4554 Α.
1245 4529 1278 4537 -
1295 4503 1373 4566 Trop.
1398 4519 1445 4554 ms.

252 4561 443 4611 -vedustinum
466 4578 533 4613 saec.
553 4559 592 4613 11.
629 4566 695 4616 Cod,
712 4567 879 4618 cameracen.
899 4567 931 4620 76
948 4568 1008 4636 (75),
1027 4573 1057 4624 Β.
1076 4599 1111 4608 -
1127 4573 1206 4638 Trop.
1234 4588 1279 4622 ms.
1298 4573 1325 4623 S.
1343 4571 1445 4623 Amulii

268 4631 397 4680 Meteusis
415 4645 483 4680 saec.
502 4629 542 4683 12.
558 4635 594 4682 in.
630 4634 695 4686 Cod.
714 4637 810 4688 Meteu.
828 4635 888 4688 452.
909 4641 937 4690 C.
