3409 5384
690 458 924 521 -359-

374 635 404 692 2.
427 631 481 690 Est
503 647 575 704 quae
598 633 660 691 sol'a
682 632 741 689 suis
763 630 870 689 fiducia
892 630 1017 689 maxime
1038 630 1140 706 servis,

493 716 524 763 ut
542 711 643 779 eripiat
659 728 678 764 u
694 716 777 765 moute
794 712 903 764 auimus
922 727 1022 775 eorum,

375 786 403 845 3.
428 783 536 858 Sponte
559 802 611 843 sua
633 786 682 858 qui
707 786 774 843 dant
799 801 852 857 pro
874 785 997 843 Domino
1020 799 1142 857 corpora
1163 784 1231 855 leto,

492 866 624 931 quouium
643 864 756 918 adiutor
773 870 798 918 et
811 870 950 931 protector
967 870 1058 919 uester
1075 869 1122 918 eet.

292 1002 374 1066 Trop.
391 1018 439 1053 ms.
458 1002 644 1054 Glastonienee
661 1002 891 1065 (wantuariense)
909 1018 976 1053 saec.
998 1000 1038 1054 11.
1055 1020 1096 1053 ex.
1113 1000 1150 1067 (et
1167 998 1218 1065 12.)
1249 1002 1313 1053 eod.
1330 1003 1399 1051 Lon-

216 1072 306 1121 dinen.
327 1071 411 1136 ealig.
429 1071 452 1120 A
470 1072 543 1121 XIV.

620 1203 680 1261 751.
708 1204 753 1259 De
772 1219 831 1259 une
852 1205 1000 1274 Martyre.

341 1345 369 1405 1.
392 1346 481 1417 Quem
502 1361 600 1403 verum
623 1344 708 1418 genui
731 1351 837 1423 natum,
862 1362 950 1404 verax
973 1352 1056 1418 peter
1077 1346 1141 1417 ipse

459 1424 543 1477 Semel
560 1425 654 1477 iuraui
671 1425 702 1477 iu
719 1430 814 1477 euuuo
832 1442 906 1479 meo:
924 1426 1019 1479 Semeu
1036 1427 1095 1479 eius
1112 1426 1144 1479 iu
1162 1430 1299 1481 aeteruum

522 1493 698 1560 permanebit,
717 1498 741 1545 et
759 1492 833 1547 sedes
852 1495 912 1547 eius
931 1495 1002 1548 sieut
1019 1495 1061 1548 sol
1078 1495 1109 1546 iu
1120 1498 1269 1562 eouspeetu
1279 1509 1334 1547 meo
1348 1501 1397 1545 ete.

339 1569 367 1626 2.
391 1565 471 1626 Haec
492 1582 570 1624 meus
594 1567 725 1639 accipiet,
749 1582 822 1639 quae
844 1575 911 1625 sunt
932 1568 1083 1641 promissa,
1106 1567 1211 1645 fidelis,

459 1644 620 1714 Quicunque
638 1646 730 1714 fecerit
747 1647 909 1700 voluntatem
923 1649 1014 1714 patus
1032 1648 1083 1700 mei
1101 1656 1149 1701 ete.

285 1786 367 1850 Trop.
385 1802 433 1835 ms.
453 1786 638 1837 Glastoniense
655 1785 890 1848 (PCantuariense)
908 1802 975 1837 saec.
996 1784 1036 1838 11.
1055 1803 1095 1839 ex.
1112 1784 1149 1850 (et
1168 1784 1218 1851 12.)
1249 1787 1312 1838 cod,
1330 1788 1399 1835 Len·

215 1856 302 1907 dinen.
324 1854 409 1919 Calig.
427 1857 450 1904 A
470 1855 542 1904 xlv.
