3409 5384
829 476 888 538 reo
936 511 974 519 -

550 708 612 765 388.
639 708 675 764 In
694 709 810 766 (loteva
829 710 1010 767 Natiuitatis
1028 711 1162 767 Domini.

249 887 320 946 la.
353 883 530 944 Iucundetur
887 885 942 945 1b.
973 887 1064 958 Quam
1086 886 1216 960 legentis,

352 970 394 1030 Et
415 970 539 1029 laetetur
972 973 1071 1030 Nostri
1093 971 1194 1032 fratris

396 1055 470 1113 Tota
491 1056 694 1127 christianitas,
1014 1055 1166 1116 confortat
1188 1057 1359 1119 humanitas.

352 1140 444 1210 Quam
467 1141 607 1215 caelestis,
970 1142 1048 1216 Ergo
1071 1144 1158 1217 dicat,

353 1225 444 1295 Quam
468 1225 566 1284 diviua
681 1279 683 1283 .
970 1227 1052 1298 Quod
1076 1228 1203 1301 postulat

399 1311 505 1369 Visitat
527 1311 706 1383 sublimitas;
1013 1313 1119 1372 Nostra
1141 1329 1259 1372 concors
1282 1312 1425 1372 charitas:

560 1400 589 1459 2.
624 1397 723 1456 Lectio
747 1397 886 1470 epistolae

598 1483 659 1541 'ln
681 1481 816 1554 Nicopoli
838 1484 942 1541 missae

625 1566 738 1625 Cretam
760 1567 836 1626 beati
857 1567 959 1642 Pauli,

623 1652 757 1711 Doctoris
780 1653 906 1724 gentiam
929 1658 957 1711 et
980 1650 1104 1724 apostoli

622 1737 717 1812 Atque
739 1738 815 1797 vasis
839 1737 997 1805 electionis,

624 1821 676 1882 Ad
695 1823 805 1896 Titum,
830 1822 1002 1895 discipulum
1026 1838 1119 1892 suum,

623 1907 668 1966 De
690 1914 767 1966 statu
789 1908 928 1966 ecclesiae
949 1907 1157 1968 instruendum.

627 1992 785 2052 Carissimo

624 2079 682 2137 Fili
705 2087 733 2136 et
755 2079 785 2137 in
809 2077 924 2137 Christo
946 2077 1150 2149 amantissime,

623 2162 775 2237 Apparuit

624 2250 664 2308 Et
685 2264 752 2306 vere
775 2249 881 2307 claruit

624 2334 800 2409 Beuipuilas
823 2334 887 2409 Dei,

625 2419 720 2480 Patris
742 2419 794 2478 lilii
816 2419 919 2478 summi

624 2504 664 2563 Et
683 2504 854 2564 humanitas
876 2503 1033 2562 saluatoris
1055 2502 1160 2564 nostri.

328 2689 444 2738 Proser.
469 2706 517 2739 ms.
535 2689 642 2740 Amesti
660 2691 802 2754 Progensis
820 2697 885 2742 anni
905 2686 978 2741 1363.
1015 2690 1078 2739 Coti.
1097 2689 1182 2753 Capit.
1200 2688 1313 2755 Preger.
1332 2690 1354 2738 P
1372 2686 1397 2740 9.
1415 2715 1449 2724 -

240 2759 278 2821 1,
311 2755 330 2808 2
359 2757 435 2807 fehlt.
454 2785 489 2793 —
506 2755 538 2819 2,
558 2754 590 2808 13
607 2759 695 2809 Patris
713 2761 764 2810 Dei
788 2762 893 2810 summi.
911 2785 945 2794 -
964 2760 1015 2808 Die
1038 2759 1132 2823 subrige
1151 2757 1318 2823 Tropierang
1335 2758 1404 2807 lauit
1421 2761 1448 2808 in

235 2831 347 2950 {1:033
348 2826 556 2945 tigsliegeisger
573 2827 640 2877 auch
658 2828 701 2877 die
718 2829 760 2879 bie
778 2829 861 2878 dehin
873 2826 1087 2878 hervortretende
1100 2827 1277 2892 Reimprosa
1289 2826 1364 2876 nicht
1376 2827 1450 2877 mehr

628 3097 691 3154 889.
718 3099 753 3152 ln
770 3097 940 3167 Epiphania
957 3096 1091 3153 Domini.
1119 3094 1121 3097 ’

635 3275 663 3334 1.
699 3272 809 3345 Gaude,
833 3281 926 3332 mater
948 3274 1079 3346 ecclesia,

693 3360 832 3418 Innovate
852 3358 964 3417 laetitia

692 3444 732 3502 Et
753 3459 826 3516 pura
848 3443 1023 3503 conscientia

692 3527 767 3587 Diva
789 3530 908 3603 percipe
930 3529 1039 3589 nuntia.

408 3606 503 3662 Lectio
521 3608 615 3663 Isaiae
628 3607 775 3676 prophelae

636 3685 664 3743 2.
697 3683 849 3741 Praeclara
871 3681 954 3740 nobis
976 3682 1090 3759 gaudia,

692 3769 819 3826 Aetema
840 3768 905 3825 luce
926 3766 1089 3841 splendida,

693 3853 739 3910 Ita
760 3852 862 3926 pandit
885 3852 1023 3910 ecclesiae

693 3936 752 3996 Sub
776 3938 931 3997 Ierusalem
954 3937 1072 4010 specie:

408 4014 503 4088 διῆρε,
521 4017 687 4083 attaminare,
706 4017 864 4082 Ierusalem,
883 4018 949 4084 quia
966 4017 1038 4070 omit
1056 4016 1144 4070 ituraea
1159 4022 1243 4082 tuum,

633 4095 664 4156 8.
698 4092 777 4162 Quae
799 4091 910 4148 latebas
932 4091 960 4148 in
984 4090 1111 4149 tenebris

694 4177 751 4235 Per
773 4176 858 4249 primi
882 4176 994 4249 culpam
1016 4176 1157 4252 hominis3

407 4260 434 4310 et
451 4256 540 4325 picria
557 4256 676 4310 Domini
694 4271 777 4322 super
794 4261 818 4308 te
835 4260 896 4310 orta
914 4261 952 4308 est

632 4334 662 4393 4.
695 4329 741 4388 Ex
764 4329 898 4402 virginali
919 4335 1001 4387 utero

694 4415 891 4474 obumbrante
914 4414 1065 4488 paraclito,

692 4500 779 4558 Teste
801 4507 898 4559 vatum
921 4500 1086 4572 praeconio.

408 4577 493 4647 Quia,
512 4595 573 4643 ecce,
592 4579 712 4634 mairac
729 4579 848 4648 operieut
864 4585 966 4633 terram
983 4585 1009 4633 et
1025 4579 1111 4649 caiipo
1126 4579 1258 4647 papulam

1243 4664 1296 4717 12*
