3409 5384
686 824 748 881 500.
780 824 815 879 In
836 825 925 881 unius
944 824 1146 880 contessoris.

370 1018 386 1077 1
411 1017 560 1076 Ecclesiae
1030 1018 1067 1076 Se
1089 1019 1207 1092 proprio

414 1103 477 1161 Vox
499 1103 586 1161 hodie
1030 1103 1174 1163 Scrutinio

456 1188 612 1247 Sollemnia
968 1192 1006 1250 15
1070 1189 1234 1251 Examinat.

498 1273 578 1334 Iusti
599 1279 764 1350 recenseat3
1032 1272 1118 1347 Spem
1140 1274 1245 1333 cantas

377 1363 394 1418 5
462 1358 597 1418 Subsidia
1074 1358 1203 1436 Nutriat‚

415 1444 578 1502 Virtutibus
1031 1445 1122 1516 Quam
1145 1444 1265 1502 firmitas

414 1529 455 1588 Et
477 1529 611 1590 laudibus
1073 1529 1158 1588 Fidei
1182 1532 1300 1591 muniat.

501 1615 648 1675 Obtineat.
970 1618 1011 1674 20
1035 1615 1218 1674 Sollemnitas

414 1700 559 1758 Fidelium
1075 1700 1199 1760 Domino
1221 1701 1263 1759 sic
1284 1700 1416 1773 placeut3

352 1787 392 1845 10
415 1786 498 1848 Sicut
519 1785 615 1844 lilium
1073 1784 1196 1846 Floreat

459 1870 583 1930 Devotio
1032 1871 1072 1930 Ia
1093 1877 1253 1935 odonam.

501 1955 660 2032 camino,

402 2157 524 2209 Cantium.
542 2174 589 2208 ma.
607 2159 680 2209 Petri
700 2158 732 2209 de
751 2158 863 2208 Medicis
874 2156 1026 2223 (Gallicum)
1043 2174 1111 2209 saec.
1131 2155 1171 2209 13.
1203 2158 1265 2209 Cod.
1281 2158 1456 2207 Laurentian.
1475 2155 1510 2205 Pl.

330 2223 374 2278 29.
395 2225 417 2277 1.
436 2229 468 2277 Α.
487 2253 520 2262 -
540 2225 660 2276 Cantium.
680 2243 726 2277 me.
746 2227 905 2276 Toletanum
923 2243 991 2278 saec.
1007 2224 1046 2278 13.
1065 2245 1107 2278 ex.
1137 2227 1202 2278 cod.
1214 2227 1351 2277 Matriteu.
1364 2225 1453 2278 Tulei.
1465 2219 1512 2275 930

329 2292 460 2358 (33-23).
480 2297 508 2345 Β.
527 2322 561 2330 -
580 2296 699 2355 Flacius,
717 2296 764 2344 Na.
783 2295 929 2347 CXXXIV.
947 2298 975 2348 Ο.
993 2322 1027 2331 -
1045 2293 1062 2344 2
1079 2296 1121 2346 Ex
1139 2295 1217 2346 hodie
1236 2291 1511 2350 c.-41uscusssc,

332 2369 481 2414 reaenserat
504 2365 535 2413 Β.
554 2389 587 2398 -
611 2361 627 2414 5
653 2363 795 2415 subsideat
815 2365 869 2412 BC.
893 2391 926 2399 -
946 2361 979 2415 13
997 2366 1049 2416 Sed
1074 2366 1180 2430 proprio
1207 2363 1235 2413 C.
1253 2389 1287 2397 —
1311 2359 1343 2411 15
1368 2362 1510 2411 Examinat

332 2431 360 2482 O.
380 2458 415 2466 —
435 2430 466 2483 16
485 2433 604 2482 caritatis
617 2434 648 2482 Α.
667 2457 700 2467 -
720 2428 750 2481 21
765 2432 823 2482 Dec
838 2433 868 2482 G.
886 2457 920 2468 -
932 2434 974 2483 An
987 2433 1111 2484 Schlusee
1123 2432 1189 2498 fclgt
1200 2431 1283 2481 noch:
1303 2430 1355 2495 „itt
1366 2423 1510 2481 florebunt

332 2501 369 2562 A,
401 2500 453 2564 „Et
481 2496 601 2550 florebit“
629 2501 658 2552 C.
685 2526 718 2534 -
747 2500 876 2550 Sichtlich
903 2503 947 2552 ein
973 2501 1076 2567 Trcpus
1102 2517 1161 2550 uum
1188 2501 1288 2550 Versus
1312 2499 1512 2549 Alleluiaticus:
1605 2496 1606 2506 ¹

334 2571 469 2687 i{raet-ue
493 2570 705 2659 geurminabit
729 2570 820 2620 sicut
843 2570 961 2620 lilium
980 2573 1008 2620 et
1026 2565 1173 2634 florebit
1191 2570 1225 2618 in
1244 2574 1422 2618 aeternum
1441 2571 1512 2617 ante

370 2653 522 2687 ominum.

697 2888 759 2945 501.
788 2889 824 2944 Iu
842 2889 930 2945 unlus
950 2887 1153 2946 Gcnieesoris.

381 3085 396 3142 1
422 3081 468 3139 Er
489 3082 560 3152 tiore
582 3082 691 3154 gratiae
1037 3084 1094 3141 Per
1116 3081 1170 3140 boc
1195 3075 1329 3158 [studuit]
1354 3079 1465 3138 habere

422 3167 501 3225 Tuae
523 3165 738 3225 misericordiae
975 3169 1013 3227 15
1038 3167 1206 3228 claritatem
1225 3165 1298 3224 lucis
1320 3180 1419 3238 verae,

464 3251 569 3310 Servus
592 3261 657 3309 tuus
679 3252 745 3330 iste,
1038 3252 1117 3324 Quae
1139 3266 1253 3324 semper
1275 3249 1414 3308 clarescit
1441 3260 1513 3307 mere

464 3336 590 3407 Christe,
1081 3337 1184 3397 Coram
1208 3351 1316 3394 summo
1340 3335 1454 3396 inclite.

379 3426 396 3482 5
421 3423 506 3495 Viget
527 3421 613 3480 hodie
1039 3421 1097 3481 Ubi
1119 3423 1200 3495 quies
1222 3427 1251 3478 at
1273 3436 1330 3480 non
1352 3420 1448 3498 labor,

421 3509 546 3569 Consors
568 3506 701 3565 caelestis
723 3495 840 3580 gloriae.
1039 3507 1097 3566 Ubi
1119 3507 1264 3583 gaudium,
1288 3522 1346 3564 non
1368 3506 1465 3579 dulor,

421 3593 475 3664 Qui
497 3594 555 3665 pie,
975 3594 1015 3652 20
1040 3592 1097 3651 Ubi
1125 3608 1179 3652 nec
1201 3597 1294 3650 metus
1316 3607 1369 3649 nec
1393 3606 1511 3661 maeror,

424 3676 535 3753 Sobrie,
1082 3677 1139 3738 Ubi
1162 3677 1257 3737 iustus
1280 3676 1429 3750 probitate

426 3763 522 3837 (laste,
544 3761 658 3834 pudice,
1083 3763 1194 3836 Dignus
1218 3770 1247 3820 et
1274 3762 1349 3822 vitae
1371 3761 1477 3822 beatae

360 3848 400 3907 10
424 3847 593 3921 Prudenter,
618 3846 713 3919 quiete
1037 3848 1158 3907 Munere

465 3931 625 3990 Ambulans
648 3931 828 3990 immaculate
1037 3932 1105 3992 Sine
1126 3931 1227 3991 funere
1599 3994 1600 4004 ,

465 4019 545 4076 Tuae
567 4017 638 4090 legis
659 4017 689 4074 in
712 4016 813 4075 beatae
974 4022 1013 4078 25
1079 4018 1229 4088 Florebt‘t;
1252 4018 1294 4076 sic
1315 4014 1401 4076 floret
1423 4017 1495 4076 iuste

425 4103 478 4160 Via
500 4107 588 4176 recta,
612 4102 741 4179 Domine,
1078 4103 1133 4162 Dei
1156 4120 1256 4164 servus
1277 4103 1334 4161 iste

812 4187 853 4244 In
876 4193 1036 4249 oeternum.

408 4388 522 4448 Flauius,
543 4389 589 4438 Nr.
609 4387 739 4439 CXXXV.
758 4416 793 4422 —
810 4387 826 4439 9
844 4391 944 4441 Pudice
964 4397 1044 4442 caste.
1062 4419 1096 4427 -
1115 4387 1146 4442 15
1164 4391 1286 4442 clarescit
1304 4407 1384 4442 mure.
1403 4415 1437 4426 -
1456 4393 1510 4440 Wie

340 4457 384 4507 bei
402 4455 509 4506 Flauius
528 4457 578 4516 cit,
599 4473 627 4507 so
648 4459 684 4506 iat
701 4457 768 4507 anch
786 4458 844 4509 hier
862 4459 908 4508 der
926 4460 992 4510 Text
1011 4461 1134 4520 entstellt,
1153 4475 1208 4510 was
1226 4459 1308 4510 echon
1325 4460 1369 4510 die
1387 4462 1511 4510 unreineu

339 4525 431 4574 Reime
455 4529 584 4574 verrateu.
604 4550 636 4560 -
654 4524 780 4577 Offenbar
798 4528 902 4592 Tropus
926 4544 985 4577 uum
1003 4529 1035 4578 V.
1053 4525 1119 4578 Am:
1146 4529 1280 4594 „Iustus
1301 4530 1511 4592 germinabit

338 4593 431 4642 sicut
453 4593 568 4643 lilium
593 4599 623 4643 ct
643 4590 787 4659 florebit
809 4597 844 4644 in
864 4600 1039 4646 aeternum
1064 4601 1141 4648 ante
1160 4593 1360 4648 Dominum.“
