3409 5384
695 481 927 544 -363-

539 655 557 712 5
581 653 684 712 Funde
706 668 808 726 preces
831 669 894 712 oum
919 652 978 711 filia

623 739 671 798 Ad
694 740 797 796 summi
818 739 912 813 patris
931 738 1021 797 filiurn

623 824 680 882 Pro
704 824 797 883 salute
819 823 957 883 fidelium.

289 988 369 1039 Grad.
388 1003 435 1037 ms.
455 989 665 1053 Augustinorum
684 1005 751 1041 saec.
772 988 812 1040 15.
832 1006 872 1039 ex.
903 990 967 1041 Ood.
985 990 1071 1054 Capit
1089 990 1112 1040 A
1132 990 1282 1057 uisgranen.
1301 992 1400 1041 XXIX.

214 1057 249 1107 A.
270 1085 306 1093 -
324 1056 402 1107 (irad.
421 1071 469 1107 ms.
487 1056 661 1109 Murbaeense
680 1074 747 1110 saec.
769 1056 808 1109 15.
845 1059 909 1110 Cod.
929 1056 1122 1110 colmarien4
1158 1060 1215 1109 .B.

593 1294 654 1350 761.
685 1294 729 1349 110
749 1295 858 1349 saneta
875 1294 1027 1350 Barbara.

426 1452 567 1527 Barbara,
590 1453 672 1526 virgo
692 1454 751 1526 pia,
774 1459 934 1525 martyrum
956 1451 1008 1511 flos
1032 1459 1060 1511 et
1080 1454 1208 1524 lucerua,

427 1539 484 1597 Per
504 1543 555 1597 tua
577 1539 724 1611 praesidia
746 1544 813 1611 pete
833 1538 918 1596 nobis
939 1554 1028 1612 regna
1051 1554 1185 1611 superna.

287 1692 362 1741 Miss.
380 1690 576 1754 Rotomagense
594 1692 658 1754 imp.
676 1691 789 1741 Parisiis
809 1686 883 1740 1527.

606 1924 667 1981 766.
698 1925 743 1980 lie
765 1925 872 1980 saneto
893 1925 1012 1981 Blasio.

216 2082 275 2144 la.
308 2083 398 2143 Ovir
421 2101 541 2159 magnae
564 2085 725 2144 sanctitatis
837 2083 893 2144 lb.
920 2084 1025 2143 Omnes
1047 2084 1101 2143 tibi
1125 2082 1297 2144 famulantes

301 2168 340 2227 Et
363 2169 518 2229 immensae
540 2170 666 2247 pietatis,
922 2171 962 2228 Et
983 2186 1037 2242 per
1058 2186 1158 2229 aevum
1180 2180 1350 2231 venerantes

211 2292 272 2352 2a.
302 2287 350 2347 Ab
371 2286 477 2347 inferni
500 2293 673 2361 tempestate
695 2363 697 2367 .
834 2289 891 2348 ab.
920 2289 1028 2347 Libera
1050 2306 1110 2367 nos,
1135 2297 1246 2363 martyr
1269 2296 1377 2364 sancte,

302 2372 364 2433 Tua
384 2390 489 2447 magna
511 2381 656 2447 potestate
921 2375 961 2435 Ut
982 2375 1124 2451 possimus
1148 2376 1210 2434 Deo
1232 2376 1321 2435 dante

571 2496 600 2555 3.
624 2494 794 2553 Paradisum
818 2493 978 2569 possidere.

282 2645 357 2695 Miss.
375 2660 424 2695 ms.
443 2644 595 2696 Senonense
614 2660 681 2695 seeo.
702 2641 742 2695 15.
782 2645 845 2696 (1οά.
865 2646 978 2694 Parisin.
997 2640 1055 2696 880.
1074 2641 1097 2694 2.

597 2881 658 2936 766.
688 2882 732 2935 lie
752 2881 863 2936 saneto
883 2878 1022 2936 Claudio.

213 3040 270 3101 la.
302 3036 434 3097 Glorioso
456 3040 572 3112 praesul
595 3039 713 3114 Christi,
831 3040 889 3099 1b.
916 3041 980 3099 Duo
1002 3055 1053 3096 nos
1075 3043 1177 3115 tecum,
1201 3055 1257 3111 qno
1279 3039 1366 3117 ivisti,

344 3122 456 3193 Claudi,
477 3125 523 3184 vir
545 3126 733 3202 sanctissime,
960 3126 1029 3183 Post
1050 3123 1198 3185 Christum
1220 3124 1359 3202 piissime,

572 3246 602 3303 2.
626 3245 780 3302 Intercede
803 3261 856 3317 pro
879 3250 978 3301 nostra

624 3332 805 3402 omniumque
827 3330 930 3390 salute.

283 3480 357 3597 111155.
383 3496 430 3530 seu
454 3479 615 3531 Suerament.
643 3482 784 3531 Anioiense
808 3483 872 3546 imp.
891 3481 1014 3546 Lugduni
1034 3476 1108 3531 1527.
1126 3504 1160 3514 —
1180 3477 1234 3542 lu,
1258 3477 1275 3529 2
1293 3481 1400 3533 Claudii

218 3562 283 3598 sane
306 3564 394 3599 senne.

580 3716 641 3771 767.
669 3717 713 3771 lie
732 3717 840 3772 saneto
858 3716 1036 3772 Franeiseo.

218 3874 277 3936 la.
307 3875 519 3949 OFranoisce,
543 3876 592 3935 lux
615 3876 728 3947 solaris,
836 3875 893 3936 lb.
920 3876 964 3933 Tu
986 3875 1112 3949 sigillum
1135 3876 1237 3934 summi
1261 3876 1352 3949 duris,

304 3959 448 4020 Crucifixe
470 3961 634 4034 singularis,
920 3961 1000 4032 Quod
1032 3961 1158 4034 signavit
1179 3961 1268 4019 olavis
1292 3962 1395 4022 erucis

217 4081 272 4139 2a.
302 4079 500 4141 cruciantor
522 4080 667 4155 cordialis,
833 4078 890 4142 ab.
920 4081 1080 4152 Pauperum
1103 4085 1134 4137 tn
1156 4079 1332 4153 patriarcha,

302 4165 442 4237 Princeps
464 4181 576 4237 pugnae
598 4166 747 4237 spiritalis.
920 4165 1069 4224 eastitatis
1092 4182 1142 4223 vas
1165 4175 1194 4222 et
1215 4180 1292 4224 arua.

220 4286 274 4345 3a.
303 4283 393 4342 Latus
416 4283 521 4342 rubens
543 4301 618 4343 nova
640 4301 715 4357 rosa,
833 4284 890 4345 31).
919 4283 988 4341 Post
1010 4291 1039 4340 te
1060 4284 1149 4341 currit
1171 4290 1221 4341 tua
1243 4283 1342 4341 schola

304 4369 439 4429 Caritatis
461 4374 565 4440 textus,
589 4371 679 4443 glosa.
918 4369 999 4426 Pede
1021 4370 1108 4445 nuda,
1132 4368 1183 4427 vili
1205 4368 1288 4430 stola.

287 4521 359 4571 Miss.
371 4522 619 4572 Fontisebraldense
637 4524 699 4586 imp,
712 4522 825 4571 Parisiis
840 4517 914 4571 1606.
928 4547 962 4554 —
974 4520 1033 4585 Vgl.
1047 4520 1094 4569 das
1106 4522 1262 4585 Reimgebet
1273 4520 1395 4585 gleichen

220 4587 350 4654 Antnngss
369 4590 413 4640 bei
430 4591 509 4650 Roth,
527 4592 572 4640 Nr.
591 4585 649 4639 342.
