3409 5384
756 511 990 574 -184-

563 797 567 816 ¹
641 729 704 784 aar.
731 728 766 783 In
783 728 954 798 Epiphania
971 728 1104 785 Domini.

297 874 325 934 1.
350 872 463 932 Laudes
488 873 581 932 dicam
604 871 743 930 altissimo
911 875 939 934 2.
963 870 1084 929 Carnem
1106 887 1220 930 sumens
1243 872 1279 931 de
1301 872 1416 945 virgine

349 959 495 1019 Gonoeutu
520 957 713 1022 devotissimo,
962 956 1049 1014 Nullo
1071 963 1217 1030 gravatam
1239 957 1368 1034 crimine,

349 1043 402 1114 Qui
425 1048 540 1101 nostrae
563 1043 657 1102 earnis
680 1041 749 1100 vilia
961 1042 1049 1113 Quem
1072 1043 1215 1116 cognitum
1238 1058 1292 1115 per
1313 1043 1413 1102 sidera

348 1128 407 1188 Sua
430 1128 531 1187 ditavit
555 1128 654 1204 gioria,
960 1127 1040 1199 Magi
1062 1135 1211 1201 quaerunt,
1240 1129 1308 1186 dant
1332 1142 1473 1205 munera,

633 1215 662 1272 3.
686 1210 743 1269 Sed
765 1226 820 1268 non
844 1211 906 1268 sine
928 1213 1073 1288 mysterio,

683 1296 724 1356 Ut
749 1311 886 1368 praesens
909 1297 980 1355 dicit
1002 1297 1083 1357 lertio

736 1374 830 1428 Isaiae
843 1377 999 1444 prophetoe,

433 1454 463 1513 4.
486 1453 520 1510 lu
543 1466 599 1522 qua
621 1447 712 1520 fulget
734 1465 879 1522 magorum
904 1444 920 1481 *
945 1448 1089 1522 profunda
1112 1451 1244 1524 cognitio,

545 1528 638 1597 Surge,
655 1529 821 1592 iilnninnre,
839 1528 994 1595 Iernsalern

434 1607 463 1666 5.
487 1605 520 1663 iu
542 1620 598 1676 qna
620 1602 702 1660 nobis
724 1603 773 1660 lux
796 1619 899 1676 magna
922 1598 939 1635 ’¹‘
962 1605 1054 1662 oritur
1074 1604 1246 1678 gratissima,

545 1683 610 1750 qnia
626 1683 700 1735 uenit
718 1683 808 1736 lnnen
825 1689 910 1749 tonna,

435 1760 464 1818 6.
487 1757 543 1815 Dei
564 1756 716 1815 invisibilis
740 1750 757 1787 '¹‘
781 1757 857 1814 filius
879 1757 1058 1830 interminus,

544 1842 568 1890 ei
583 1836 672 1904 pluria
690 1834 805 1889 Domini

437 1912 465 1970 7.
489 1910 590 1968 Saeola
611 1910 750 1967 revehens
773 1911 865 1967 altera

545 2005 627 2058 anper
644 1995 668 2042 te
685 1995 745 2043 orio
763 1995 801 2043 est

433 2065 461 2123 8.
484 2064 522 2122 Et
549 2063 698 2122 renovabit
720 2063 829 2136 omnia3

546 2145 620 2210 qnia,
640 2159 701 2208 eece,
720 2143 841 2196 tenebrae
860 2144 978 2210 operient
994 2148 1094 2198 terram

435 2218 464 2276 9.
487 2217 525 2275 Et
552 2217 700 2275 criminum
721 2216 888 2276 umbracula

545 2303 569 2349 et
587 2297 674 2365 eolipo

415 2372 463 2429 10.
487 2369 638 2429 Obduoens
661 2371 750 2430 corda
772 2371 858 2430 noxia

541 2450 660 2518 popnlos

413 2523 462 2581 11.
486 2522 625 2581 Sedentes
647 2524 694 2581 hio
715 2525 744 2580 in
768 2523 905 2587 tenebris.

546 2602 634 2672 Super
650 2609 676 2657 ie
694 2609 783 2657 antem
800 2605 903 2658 orietur
920 2603 1058 2658 Dominus
1077 2615 1124 2657 ete.

355 2739 459 2792 Prosar.
483 2759 530 2792 ms.
550 2744 654 2794 Amasti
673 2741 815 2809 Pragensis
833 2745 898 2794 anni
916 2739 991 2794 1363.
1027 2744 1091 2794 Cod.
1109 2745 1196 2808 Capit.
1214 2743 1326 2806 Progen.
1346 2741 1370 2791 P
1388 2737 1414 2792 9.
1434 2768 1473 2776 -

286 2807 302 2860 5
327 2825 421 2877 magna
445 2810 568 2860 101110-
591 2809 621 2861 11
644 2812 687 2862 hio
711 2812 783 2862 fehlt.
804 2839 834 2847 —
854 2814 909 2862 Der
926 2814 991 2862 Rest
1013 2812 1059 2862 der
1075 2814 1240 2877 Tropierung
1261 2811 1329 2860 lauit
1346 2813 1375 2859 in
1392 2811 1472 2860 reine

285 2878 371 2928 Prosa
389 2894 444 2938 aus,
463 2879 568 2929 iihnlich
588 2882 637 2930 wie
655 2882 698 2931 bei
717 2882 763 2934 Nr.
782 2877 840 2930 388.

609 3081 671 3137 393.
698 3083 733 3136 In
751 3080 989 3137 Resurrectione
1007 3081 1139 3137 ltomini.

594 3225 621 3283 1.
645 3222 717 3294 Regi
740 3222 875 3293 perennis
897 3222 1005 3294 gloriae

644 3307 747 3380 Pangit
771 3308 858 3365 decus
881 3308 1027 3382 victoriae,

644 3393 705 3463 Qua
727 3408 803 3450 mors
827 3393 941 3450 devicta
961 3393 1057 3468 periit,

643 3478 684 3536 Et
705 3477 764 3535 vita
786 3477 869 3534 nobis
891 3479 987 3554 rediit,

288 3557 382 3612 Lectio
404 3557 530 3627 epistolae
548 3558 618 3612 beati
635 3557 722 3610 Ponii
739 3558 860 3625 apostoli
877 3557 914 3610 ad
934 3556 1097 3612 Corinthios.
1132 3556 1257 3619 Fratres,

594 3635 622 3693 2.
647 3631 756 3690 Christi
778 3631 920 3704 redempti
944 3632 1090 3704 sanguiue,

644 3716 745 3789 Regali
767 3717 846 3774 uuoti
868 3716 1030 3788 chrismate,

643 3802 714 3859 Post
736 3801 906 3860 delictorum
929 3802 1040 3860 veniam

643 3887 683 3944 Et
703 3886 904 3958 triumphalem
925 3887 1046 3959 gratiam

287 3972 436 4036 enprnpaie
452 3975 526 4023 unns
544 3969 712 4034 fermentum,

592 4042 621 4100 3.
644 4041 705 4111 Quo
728 4040 815 4097 subiit
837 4040 984 4098 interitum

644 4125 734 4185 Omne
756 4140 843 4198 genus
865 4125 1037 4191 mortalium,

288 4209 320 4258 nt
338 4205 401 4259 sitis
418 4221 487 4260 nouo
506 4204 669 4271 conspersio,
689 4207 761 4259 sient
780 4206 844 4259 estis
863 4205 963 4274 azymi,

594 4281 624 4341 4.
648 4279 810 4338 Tendentes
832 4280 870 4338 ad
894 4278 1038 4351 eoelestia,

642 4363 691 4421 Ad
713 4366 917 4437 promissorum
940 4362 1054 4436 gaudia,

651 4449 728 4520 Quae
751 4450 871 4507 contulit
892 4447 1042 4522 magnifice

647 4533 776 4592 Christus
799 4550 952 4606 resurgens
974 4533 1070 4592 hodie.

288 4611 396 4666 Etenim
412 4613 519 4680 pascito
536 4628 572 4666 no
580 4618 665 4667 strunt
685 4614 841 4667 innoioins
860 4619 899 4668 esi
915 4613 1047 4677 Christus,
