3409 5384
708 501 939 562 -191-

385 673 413 730 6.
437 665 476 730 In
497 687 543 728 noc
566 671 661 730 omnis
682 687 747 744 spos
770 671 846 729 oitoo
868 676 894 730 ec
915 671 1039 745 oo’oiutis,

440 755 506 814 Sum
531 764 610 815 certa
632 773 698 829 spes
720 757 886 829 iuventutis,

441 841 515 899 Vera
541 843 601 900 vita
622 843 787 913 senectutis,

441 925 556 986 Summa
578 927 668 986 virtus
690 943 736 984 me
758 927 874 987 secutis.

387 1031 415 1092 7.
438 1029 576 1088 Transito
597 1030 638 1087 od
659 1047 704 1087 mc
726 1045 834 1102 ornnes,
858 1029 909 1100 oui
931 1030 1134 1102 concupiscitis
1156 1046 1211 1104 mc,

525 1119 551 1172 et
572 1131 591 1172 u
610 1111 846 1188 generationibus
868 1115 940 1174 oncis
962 1115 1139 1188 implemini,

441 1199 482 1260 Ut
503 1201 546 1258 sic
567 1215 621 1272 per
642 1217 687 1257 me
709 1199 868 1277 salvemini,

442 1285 522 1355 Quod
546 1286 649 1358 cepitis
671 1286 803 1360 uremini,

441 1371 508 1429 Meo
529 1378 597 1429 nato
620 1371 772 1441 ducemini,

442 1455 511 1514 Cum
534 1457 597 1531 ipso
620 1457 785 1529 epulemini.

386 1559 416 1618 8.
439 1558 567 1632 Spiritus
589 1558 667 1616 enim
689 1574 769 1616 meus
791 1574 879 1630 snper
900 1558 957 1616 met
979 1558 1073 1617 dulcis
1095 1564 1121 1617 ct

433 1685 438 1692 -
526 1644 668 1702 hereditas
691 1660 758 1702 meo
778 1659 868 1716 snper
888 1643 944 1701 met
965 1649 991 1702 ot
1012 1645 1124 1716 funum,

443 1728 527 1802 Phos,
551 1729 697 1802 spiramen
719 1729 749 1786 in
772 1744 821 1785 cor
843 1745 974 1802 pravum,

442 1813 579 1872 Reddens
601 1814 674 1872 illud
698 1815 791 1887 dulce,
814 1830 930 1888 sanum,

443 1897 585 1958 Reiecillo
608 1898 804 1958 christianum.

386 1997 417 2062 9.
440 2001 587 2060 Memorio
612 2019 678 2060 mco
700 2001 733 2058 in
753 2001 954 2075 poneretioncs
974 2001 1168 2077 soeculorum,

442 2086 492 2145 Me
513 2087 645 2145 laudabit
668 2103 738 2160 grex
762 2087 909 2158 bonorum,

443 2171 507 2230 Non
530 2188 591 2229 snm
613 2173 690 2230 salus
715 2168 942 2252 [damJnntorum

443 2256 592 2316 Genernns
615 2257 708 2318 Deum
732 2258 860 2319 deornm.

366 2357 417 2418 10.
441 2358 497 2432 Qui
520 2359 609 2417 edunt
630 2376 682 2436 ono,
708 2359 804 2418 odium
826 2360 962 2433 esurient,

442 2445 523 2503 Bone
542 2445 681 2503 immensa
703 2446 827 2517 capient,

442 2529 483 2588 Et
504 2529 556 2602 qui
578 2530 678 2588 bibunt
699 2547 752 2606 nno,
777 2530 874 2588 uddone
894 2531 1001 2601 sitient,

443 2615 509 2674 Non
531 2615 585 2673 hac
608 2615 656 2672 siti
680 2614 831 2688 deficient;

444 2699 501 2775 Qui
522 2700 649 2760 audiunt
669 2718 723 2767 nuc,
746 2719 807 2758 non
830 2701 1055 2773 confundentur,

444 2785 568 2858 Mecum,
593 2786 666 2858 volo,
690 2787 741 2844 sed
763 2787 917 2848 laetentur.

444 2870 484 2930 Et
505 2871 556 2944 oni
579 2877 738 2944 operantur
759 2872 792 2929 in
813 2888 868 2940 mo,
892 2889 953 2929 non
972 2870 1143 2949 peccabunt,

445 2955 502 3014 Sed
525 2972 635 3014 mecum
657 2972 770 3029 semper
792 2956 980 3030 habitabunt3

446 3041 502 3116 Qui
524 3041 669 3100 etucidont
690 3058 744 3119 mc,
767 3044 859 3101 citano
881 3047 1031 3101 ueternum
1051 3040 1246 3114 possidebunt,

447 3126 601 3200 Christum,
624 3128 721 3198 vitam,
746 3128 782 3186 de
805 3134 969 3187 menatem

446 3212 552 3285 Regem
575 3228 686 3286 semper
709 3213 887 3274 obtinebunt.

304 3399 388 3463 Trop.
414 3414 462 3448 ms.
480 3399 651 3450 Martialense
673 3413 740 3450 saec.
758 3397 818 3462 ill.)
838 3397 878 3449 12.
895 3396 956 3463 (13.)
989 3400 1053 3451 Cod.
1071 3401 1184 3449 Parisin.
1205 3395 1279 3449 1139.
1296 3424 1331 3433 -
1348 3394 1376 3458 2,
1403 3395 1421 3447 4

213 3470 354 3536 requies.
366 3491 400 3501 -
413 3464 437 3526 2,
456 3464 472 3516 5
484 3467 607 3518 Portatu
626 3484 692 3518 sum.
705 3497 738 3504 -
752 3465 776 3524 4,
795 3466 812 3518 4
823 3469 937 3519 Pulchre
955 3475 996 3519 est
1012 3471 1092 3519 timor
1104 3470 1164 3518 Dei.
1175 3494 1210 3504 -
1221 3464 1246 3527 9,
1263 3465 1373 3518 4Deus.
1385 3491 1420 3502 -

214 3541 285 3591 Die
306 3535 477 3601 tropierende
495 3536 608 3601 Strophe
626 3538 703 3587 reimt
720 3537 889 3603 regelmdisig
906 3540 955 3587 mit
972 3537 1031 3587 dem
1044 3536 1232 3587 Schlussworte
1251 3535 1297 3586 des
1314 3534 1420 3585 vorher·

211 3603 378 3674 gehenden
394 3604 591 3668 Episteltextes.

547 3907 608 3965 401.
640 3910 674 3963 In
694 3910 871 3964 sanctorum
889 3910 1112 3964 Innocentium.

435 4143 437 4146 -
525 4103 552 4163 1.
575 4101 674 4161 Omnis
697 4101 805 4162 Christi
825 4102 901 4159 actio

576 4187 676 4246 Nostri
699 4187 736 4244 sit
758 4187 927 4264 instructi03

574 4273 653 4345 Ergo
675 4278 782 4344 pangat
805 4272 876 4330 haec
898 4272 992 4349 lectio,

577 4359 655 4429 Quae
678 4357 716 4414 sit
739 4357 874 4416 Iohannis
897 4357 985 4418 visio:

216 4440 330 4498 Lectio
352 4437 419 4492 zion
438 4436 622 4505 Apocalypsis
641 4436 778 4490 Iohannis
795 4438 923 4504 apostoli,

526 4514 554 4569 2.
577 4510 630 4583 Qui
651 4511 754 4568 mentis
776 4511 850 4570 vidit
872 4512 934 4569 acie

577 4595 717 4654 Caelestis
739 4612 841 4655 numen
866 4597 961 4655 curiae
