3409 5384
786 494 1021 557 —196-

465 653 557 710 Lectio
575 655 639 709 lton
657 656 815 726 Sapientiae

618 734 647 790 2.
671 732 832 791 Proclamat
854 735 1043 794 saluberrime

671 815 796 889 Spiritus
818 821 911 877 sanati
934 823 1068 901 carmine,

669 903 768 979 Quam,
791 903 903 976 fideles,
927 908 1108 979 perpendite.

466 977 523 1047 Qui
539 980 613 1033 tintet
630 980 791 1048 Dominam,
810 986 892 1050 faciet
910 987 988 1051 bona,

618 1059 646 1115 3.
671 1055 711 1114 Ut
733 1057 874 1130 percipiat
897 1061 1002 1131 gaudia

670 1141 835 1200 Conditoris
858 1146 1013 1223 perennia,

464 1223 487 1270 ot
512 1219 560 1286 qai
585 1221 725 1273 continens
749 1227 788 1273 est
810 1223 945 1288 institiae,
970 1226 1152 1292 apprehendet
1173 1227 1250 1282 ittam
1269 1234 1295 1281 et
1313 1230 1448 1285 abitabit
1467 1233 1516 1285 iili

533 1289 616 1354 anast
634 1293 720 1342 mater
737 1289 928 1358 honorificata,

617 1367 645 1422 4.
670 1364 743 1434 Quia
766 1365 858 1422 dulcis
881 1374 924 1423 est
946 1368 1047 1438 gratia,

669 1448 771 1506 Suavis
793 1450 1001 1527 misericordia,

669 1534 814 1592 Mirabilis
837 1536 867 1592 in
889 1537 989 1609 gloria.

463 1610 569 1666 Cibaoit
588 1611 668 1665 itiam
682 1629 758 1679 nane
776 1615 846 1667 vitae
864 1621 888 1667 et
904 1617 1061 1683 intellectas,

615 1692 644 1746 5.
668 1687 743 1744 Dum
766 1704 854 1759 supra
876 1697 976 1762 pectus
999 1689 1123 1765 Domini,

667 1772 857 1830 Recumberet
879 1776 1021 1849 altissimi,

461 1854 486 1902 et
503 1865 577 1916 aqna
596 1851 748 1918 sapientiae
767 1853 901 1906 salutaris
920 1857 1022 1922 potavit
1038 1855 1124 1922 attan,

614 1929 642 1985 6.
667 1926 707 1985 Ut
729 1927 857 1998 paradisi
880 1926 983 1986 fluvius

668 2011 770 2069 Totum
795 2012 892 2072 orbem
916 2014 1088 2074 caelestibus

665 2097 804 2168 Irrigaret
829 2098 1024 2172 dogmatibus3

460 2180 483 2228 et
500 2174 656 2311 feramina}
669 2176 702 2297 {a
718 2175 778 2241 iiio,
801 2182 826 2230 et
843 2195 900 2231 non
918 2180 1048 2246 {tentatam
1072 2184 1097 2232 et
1114 2181 1262 2236 continebit
1280 2182 1371 2249 eitam
1393 2192 1422 2240 et
1442 2206 1512 2244 non

531 2261 544 2298 c
562 2261 581 2298 a
595 2260 635 2298 an
656 2260 723 2307 ene,

613 2320 640 2378 7.
665 2321 706 2380 Ut
728 2335 794 2376 arae
817 2318 886 2378 Sion
907 2320 1017 2392 positus

662 2405 843 2462 Praemineat
865 2405 1028 2468 virtutibus.

458 2480 497 2534 Et
513 2483 642 2537 exaltant
660 2485 738 2536 ittam
755 2483 832 2550 apati
844 2486 988 2552 proximos
1006 2500 1074 2538 saon

612 2559 640 2620 8.
665 2557 735 2616 Cum
758 2573 847 2629 aequo
871 2559 970 2616 mundi
992 2559 1087 2617 iudice

663 2642 778 2700 Throuo
800 2643 947 2701 sedentem
970 2645 1094 2717 gloriae3

458 2727 482 2774 et
500 2721 530 2774 in
550 2722 636 2776 medio
655 2723 778 2776 ecelesiae
797 2725 906 2791 apernit
923 2739 954 2777 oa
971 2727 1028 2778 atas

612 2800 639 2857 9.
663 2797 696 2853 In
720 2812 789 2854 voce
812 2798 977 2869 evangeliea

661 2882 708 2939 Ad
733 2882 830 2940 divina
852 2884 1015 2958 praeconia,

458 2966 485 3014 et
501 2961 621 3026 impleuit
638 2961 717 3014 eliani
734 2962 837 3029 spirita
854 2963 1006 3028 sapientiae
1022 2967 1047 3016 et
1063 2963 1220 3028 intellectas,

591 3038 641 3097 10.
665 3035 705 3094 Ut
728 3051 806 3092 more
828 3036 928 3093 volans
950 3038 1063 3109 aquilae

665 3120 781 3191 Spectet
803 3121 892 3177 solem
913 3121 1053 3193 iustitiae3

455 3200 567 3254 etstota
585 3199 688 3267 alariae
707 3201 813 3253 oeaiiait
832 3216 892 3253 eam

587 3275 636 3332 11.
661 3275 740 3331 luter
762 3282 924 3332 sanctorum
947 3275 1062 3347 agmina

661 3359 782 3419 Coronis
805 3361 953 3418 rutilantia

658 3445 697 3502 Et
718 3444 782 3502 luce
803 3446 873 3502 solis
896 3445 1030 3509 candida.

452 3523 657 3577 Iaaanditatan
675 3529 698 3575 et
717 3526 923 3577 assultationem
940 3524 1133 3580 thesaurisavit
1153 3539 1235 3592 snper
1252 3538 1312 3578 enm

585 3602 633 3658 12.
660 3601 692 3656 ln
715 3599 879 3671 angelorum
903 3599 982 3656 ouria

658 3684 714 3740 Per
736 3680 810 3741 festa
831 3684 1013 3756 immortalia,

452 3767 476 3816 et
494 3763 604 3815 nomine
624 3767 731 3815 aeterno
749 3763 927 3816 haereditavit
943 3763 1027 3828 ittam,

581 3839 629 3898 13.
655 3840 744 3908 Quem
768 3837 870 3894 dilexit
892 3854 961 3910 prae
983 3836 1115 3895 omnibus

657 3923 766 3983 Unicus
788 3921 843 3979 Dei
867 3921 953 3992 tilius,

452 4000 593 4058 Dominae
612 4000 689 4054 Dens
708 4006 807 4055 noster.

582 4077 631 4134 14.
656 4076 679 4134 0
703 4076 853 4146 lohannes,
877 4074 1018 4148 theologo,

656 4161 679 4221 0
703 4160 810 4219 Christi
833 4160 1029 4236 dilectissime,

655 4246 724 4303 Tuis
746 4247 836 4303 laetos
859 4246 1015 4303 sollemniis

655 4331 734 4390 Caeli
757 4332 896 4403 coniunge
919 4329 1039 4403 gaudiis,

364 4448 444 4515 Trop.
469 4466 516 4498 ms.
535 4449 678 4499 Troianum
701 4464 769 4498 saec.
789 4445 828 4498 12.
864 4448 929 4500 Coti.
947 4447 1116 4513 Neapolitan.
1134 4448 1173 4498 VI
1189 4448 1214 4499 G
1231 4442 1272 4497 34.
1291 4447 1322 4497 A.
1342 4472 1372 4481 -
1396 4449 1458 4500 Tro
1485 4491 1492 4505 .

296 4521 323 4566 et
345 4517 419 4568 Pros.
444 4534 491 4567 ms.
510 4517 660 4570 Parisiense
676 4514 842 4581 themense)
865 4532 932 4566 saec.
954 4514 993 4567 13.
1029 4517 1093 4567 (lod.
1112 4516 1249 4568 Commun-
1266 4513 1438 4566 resistent
1484 4558 1492 4572 .

296 4581 326 4636 B.
345 4611 379 4620 -
397 4585 471 4638 Offie.
493 4602 541 4635 ms.
565 4588 696 4636 fatuorum
715 4586 865 4636 Senonense
883 4602 974 4652 apogr.
992 4600 1061 4636 anea
1080 4581 1147 4637 ¹⁷l1s.
1182 4583 1245 4635 cod.
1263 4583 1380 4635 Parisin.
1405 4581 1492 4640 1351.

295 4654 324 4704 C.
345 4682 374 4688 —
402 4655 481 4720 Trop.
505 4671 552 4703 ms.
571 4654 743 4720 Sangallense
766 4669 834 4704 saec.
851 4651 903 4718 (ll.
928 4654 964 4718 et)
984 4651 1022 4705 13.
1059 4653 1122 4705 eod.
1141 4652 1292 4719 Sangallera
1310 4648 1371 4703 382.
1391 4654 1428 4705 D.
1445 4679 1492 4696 —-
