3409 5384
806 509 1013 573 „52-

666 674 712 732 88.
739 675 774 730 In
792 676 974 733 Inventione
992 692 1018 735 s.
1038 677 1156 734 Gruois.

477 799 505 863 1.
528 800 686 859 Ierusalem
707 800 780 858 solio
801 800 895 873 primo
917 806 1055 873 peccante
1077 803 1196 877 repulsi,

526 886 561 944 In
582 885 690 944 mundo
711 885 799 958 positi
821 891 850 943 et
871 901 952 944 sacro
975 885 1148 959 baptismate
1169 888 1222 946 loti

594 964 654 1021 Nos
672 969 763 1018 eutem
778 963 895 1033 plorimi
911 969 1015 1034 oportet

476 1041 506 1099 2.
529 1040 565 1099 In
587 1039 673 1113 ligno,
697 1055 750 1112 per
768 1040 845 1112 qood
868 1041 944 1098 vites
966 1045 1118 1113 reparatur
1139 1041 1231 1118 origo,

594 1120 626 1173 te
643 1134 721 1173 erum
738 1117 853 1173 Domini
870 1120 960 1174 nostri
976 1119 1042 1173 Ieme
1061 1118 1172 1186 Christi,

477 1195 507 1253 3.
531 1193 617 1254 cuius
639 1193 811 1266 principium
834 1208 888 1250 nee
910 1192 976 1252 finis
999 1195 1126 1253 comitur
1147 1209 1279 1272 unquam,

595 1273 628 1326 io
646 1288 698 1341 quo
717 1278 756 1326 est
776 1273 864 1337 solus,
882 1273 938 1328 otto
955 1279 980 1327 et
997 1275 1158 1328 resurreetio
1175 1279 1279 1338 eostre,

476 1349 507 1408 4.
530 1347 681 1420 Praesens,
704 1347 892 1420 praeteritum
916 1347 1008 1406 cernit
1029 1349 1195 1422 pariterque
1217 1346 1352 1427 futurum,

591 1442 733 1495 perquem
750 1427 852 1481 salvati
868 1432 893 1480 et
911 1427 1020 1481 liberati
1038 1443 1142 1481 somus.

389 1551 468 1616 Trop.
490 1566 537 1600 ms.
556 1549 742 1601 Glestoniense
758 1547 781 1612 (i
788 1547 989 1612 cantuariense)
1006 1566 1074 1601 seeo.
1095 1547 1135 1600 11.
1154 1567 1194 1601 ex.
1211 1548 1247 1613 (et
1265 1547 1328 1614 12.)·
1350 1550 1414 1601 eoo.
1433 1552 1508 1601 Lon·

324 1618 412 1669 dinen.
430 1618 514 1684 Colig.
531 1619 556 1669 A
573 1619 645 1669 XIV.

662 1768 707 1826 84.
735 1770 771 1825 In
788 1769 969 1825 Inventione
988 1784 1014 1826 s.
1034 1769 1151 1826 (trucis.

457 1894 485 1954 1.
508 1891 594 1952 Vitae
617 1893 681 1952 diro
703 1893 880 1967 triumphato
905 1888 922 1926 '¹‘
946 1903 1038 1953 morte
1060 1895 1160 1954 mundi
1179 1895 1311 1968 principe

576 1971 638 2028 Nos
655 1972 773 2042 ploetoro'
790 1978 909 2042 oportet·

450 2051 480 2108 2.
504 2046 597 2106 Castis
619 2063 687 2121 ergo
710 2063 744 2105 eo
767 2048 879 2106 devotis
903 2041 920 2080 *
944 2048 1118 2107 exsultemus
1141 2046 1283 2106 mentibus

575 2127 608 2180 ie
626 2142 702 2181 mooe
720 2126 837 2180 Domini
853 2127 944 2182 nostri
960 2127 1026 2181 Iesu
1045 2127 1148 2182 Christi
1152 2145 1161 2191 ‚·

451 2204 480 2262 3.
504 2200 680 2259 Coaeternus
703 2207 806 2260 cuncta
828 2203 916 2274 gessit
940 2195 957 2232 *
980 2208 1064 2275 pater
1086 2218 1149 2260 oum
1171 2198 1305 2275 ignifero,

576 2282 608 2334 io
626 2297 678 2348 quo
697 2286 737 2334 est
754 2281 840 2344 salua,
858 2282 914 2334 otro
932 2285 957 2334 et
974 2286 1135 2335 resurreetio
1153 2285 1256 2346 mostra,

453 2356 482 2418 4.
506 2354 587 2413 Binis
608 2354 638 2413 in
660 2372 717 2428 quo
739 2355 924 2415 circumdetis
949 2349 966 2386 *
990 2356 1071 2414 stolis
1095 2355 1175 2414 debit
1196 2353 1334 2431 praemia,

571 2451 623 2504 per
641 2451 716 2502 quem
735 2435 835 2489 salvati
850 2440 875 2488 et
892 2435 1001 2489 liberati
1020 2450 1125 2489 sumes.

450 2513 480 2571 5.
504 2508 585 2567 Totis
608 2516 737 2567 sanctam
759 2525 835 2567 nuno
857 2524 990 2568 vocemus
1014 2503 1031 2541 *
1054 2509 1214 2568 trinitatem
1235 2505 1354 2566 fidibus:

576 2587 675 2642 Gloria
688 2590 769 2657 patri
786 2594 811 2642 et
829 2589 886 2656 filio
904 2594 928 2644 et
946 2589 1061 2656 spiritui
1078 2593 1174 2642 semoto
1191 2592 1238 2642 eto.

388 2713 467 2777 Trop.
484 2727 533 2762 ms.
551 2710 754 2776 Bononiensem
772 2728 840 2763 eaeo.
861 2709 901 2762 11.
936 2713 1000 2763 (iod.
1018 2715 1129 2763 Roman.
1147 2711 1266 2777 Angelis.
1286 2706 1336 2761 123
1352 2707 1504 2773 (311118).
1613 2749 1614 2754 ,

320 2806 354 2814 -
373 2777 386 2830 1
406 2785 517 2831 mortem
536 2780 628 2830 mundi
648 2781 802 2846 prinoipem.
1419 2820 1430 2833 .

667 2997 712 3056 85.
738 2999 775 3060 ,In
793 2998 974 3055 Inventione
994 3013 1020 3055 s.
1040 2998 1158 3055 (trucis.

491 3116 552 3171 Nos
570 3123 660 3172 aetem
676 3118 793 3185 pioriorv'
810 3123 914 3186 oportet
930 3120 962 3171 io
979 3133 1058 3174 orere
1074 3118 1123 3172 Di.
1141 3116 1178 3171 N.
1195 3117 1261 3172 Iesse
1280 3115 1389 3181 aweit,

387 3193 416 3255 1.
440 3192 573 3252 Pendens
594 3192 705 3250 hostem
728 3208 784 3264 qua
806 3193 960 3265 superbum
986 3186 1003 3224 *
1026 3192 1166 3251 sauciavit
1186 3191 1335 3267 Dominus,

490 3272 521 3325 io
540 3286 593 3340 quo
612 3277 650 3326 est
670 3271 757 3337 sales,
775 3272 830 3325 otto

386 3350 416 3408 2.
440 3346 557 3422 Pomm,
580 3346 646 3419 iuge
668 3351 754 3419 etque
775 3346 887 3418 pellens
911 3339 928 3377 *
954 3346 1056 3403 densas
1079 3345 1175 3402 iumen
1197 3343 1331 3403 tenebras

490 3431 514 3480 et
530 3427 690 3480 resurreetio
707 3431 812 3491 nostro,
826 3442 878 3493 per
895 3442 972 3493 poem
989 3425 1089 3479 salvati
1106 3431 1129 3480 et
1146 3425 1254 3478 liberati
1271 3437 1372 3477 semote.

388 3532 467 3596 Trop,
485 3548 533 3582 ms.
546 3530 751 3595 Bononiensem
762 3548 831 3583 seeo.
845 3529 885 3582 11.
913 3533 977 3584 Cod.
989 3534 1100 3583 Roman.
1112 3531 1224 3597 Angelis
1243 3525 1388 3593 123(13111
1403 3525 1453 3594 18).
1467 3555 1504 3565 -

321 3598 337 3650 2
357 3595 484 3666 „Perpes“
503 3603 540 3652 ist
557 3601 674 3652 offenbar
686 3599 805 3652 Attribut
822 3616 882 3650 num
900 3601 1132 3667 vorhergeheuden
1154 3594 1242 3661 „vita“
1262 3599 1316 3649 und
1330 3595 1425 3664 „iuge“
1440 3615 1503 3649 eum

319 3669 459 3733 folgenden
480 3666 609 3732 „lumen“.

664 3819 709 3874 86.
735 3820 772 3898 ln
790 3817 951 3874 IlomInioe
968 3819 1154 3876 Palmarum.

418 3947 446 4004 1.
469 3944 560 4002 lsrael
582 3944 713 4017 egregius
735 3944 844 4017 psaltes
867 3943 1017 4017 clarosque
1038 3944 1181 4017 propheta

469 4028 517 4087 Sic
538 4030 681 4100 quondam
704 4029 819 4089 Christo
842 4029 937 4087 David
961 4033 1128 4087 cantaverat
1150 4028 1243 4087 aimo:

541 4106 666 4172 Domine,
684 4124 718 4160 oe
735 4109 812 4179 Ioope
829 4109 920 4176 foetas
938 4108 1073 4163 aemilium
1089 4113 1165 4162 tuum
1185 4125 1204 4162 a
1221 4123 1269 4170 ove,

417 4185 446 4245 2.
471 4181 528 4240 Sed
552 4182 674 4240 celerem
696 4183 765 4240 mihi
788 4179 888 4240 confer
909 4198 1003 4257 opem,
1026 4198 1077 4240 rex
1098 4183 1198 4241 inclite
1222 4181 1311 4253 caeli;

540 4260 578 4316 ad
596 4261 780 4330 defensionen
795 4277 882 4316 meam
900 4263 999 4330 aspice,
1018 4261 1102 4316 libero
1120 4279 1161 4316 ove
1178 4261 1211 4316 de
1229 4277 1274 4317 ore
1287 4261 1381 4324 leonio,

416 4339 446 4397 3.
468 4336 522 4407 Qui
546 4335 625 4406 cupit
646 4335 786 4393 insontem
809 4352 907 4395 morsu
928 4337 1058 4394 lacerare
1080 4334 1183 4409 ferino,

543 4421 567 4469 et
585 4431 603 4467 a
621 4415 748 4470 cornibus
766 4416 943 4471 uoieorm'em
960 4415 1137 4470 hereditatem
1155 4431 1248 4470 meam.

386 4539 466 4604 Trop.
489 4553 538 4587 ms.
562 4534 786 4602 Mogunrinump)
809 4539 873 4588 anni
896 4535 1024 4589 955-62.
1060 4539 1123 4589 Cod.
1141 4539 1289 4590 Londinen.
1309 4536 1375 4589 ndu
1402 4535 1501 4590 19768.

318 4607 350 4658 Δ.
368 4632 402 4644 -
420 4607 500 4671 Trop.
519 4622 567 4657 ms.
584 4606 739 4656 Prumiense
759 4621 827 4656 seeo.
848 4602 913 4658 ¹⁰i11.
941 4606 1004 4657 (lod.
1023 4607 1136 4658 Parisin.
1155 4604 1231 4660 9448.
1248 4609 1280 4658 B.
1299 4635 1331 4644 -
1349 4607 1432 4672 Trop.
1450 4623 1501 4659 me.
