3409 5384
360 672 387 734 7.
410 671 548 747 Alleluia,
571 672 731 740 resurrexit
752 672 911 746 Dominus;
933 670 1070 743 Alleluia,
1093 668 1251 728 resurrexit
1274 668 1432 744 Dominus3

442 757 528 818 hodie
549 761 710 818 resurrexit
731 764 843 831 potens,
867 755 951 816 fortis
972 755 1114 830 Christus,
1137 753 1213 814 filius
1236 753 1301 814 Dei.

357 895 387 955 8.
408 893 449 952 Et
470 900 570 954 euntes
593 894 682 956 dicite
704 894 854 968 discipulis
878 894 938 952 eius
962 899 990 951 et
1012 893 1109 966 Petro,
1132 892 1199 965 quia
1221 890 1355 949 surrexit.

357 1031 386 1090 9.
410 1029 475 1108 Eia,
499 1047 652 1108 pergamus
674 1046 798 1105 propere

410 1115 582 1176 Mandatum
605 1117 660 1207 hoc
681 1115 830 1190 perlicere.

361 1248 397 1299 So
414 1251 451 1299 im
470 1250 535 1301 Cod.
553 1266 601 1301 ms.
619 1250 805 1300 Bibliothecae
823 1248 1015 1316 archiepiscopi
1032 1247 1282 1310 Mersthublinen.
1300 1247 1324 1297 V
1342 1243 1367 1298 3.
1384 1243 1409 1296 2.
1429 1244 1469 1298 10.

292 1329 361 1366 seeo.
376 1307 417 1367 13.
427 1316 559 1384 (photogr.
572 1318 770 1384 Reprodnction
781 1318 868 1368 dieses
881 1319 938 1369 rol.
950 1319 994 1369 bei
1007 1319 1093 1379 Frere,
1112 1316 1169 1366 The
1181 1315 1350 1367 winchester
1360 1315 1469 1380 Troper,

291 1384 404 1435 London
432 1382 513 1448 18943
536 1386 612 1437 Taiel
636 1382 708 1451 261³).
735 1413 767 1422 -
789 1388 822 1436 ln
845 1387 892 1436 der
909 1386 1083 1437 Handsohrift
1105 1385 1170 1435 wird
1194 1400 1243 1434 vor
1260 1383 1336 1447 jeder
1356 1383 1470 1450 Strophe

291 1451 369 1518 (resp.
391 1454 526 1519 Versilrel)
547 1455 692 1515 vermerlrt,
717 1454 836 1505 welchen
853 1455 988 1505 Personen
1012 1455 1128 1505 dieselbs
1152 1452 1300 1503 zukomme.
1337 1453 1390 1502 Die
1413 1451 1470 1503 drei

291 1520 399 1571 Gliedor
416 1522 463 1572 der
475 1523 607 1588 Strophen
627 1521 649 1582 1,
668 1521 685 1572 2
701 1524 756 1573 und
773 1519 790 1574 3
810 1522 869 1572 sind
887 1524 993 1574 verteilt
1006 1523 1106 1574 auidis
1119 1527 1188 1588 „tres
1199 1521 1302 1572 Mariae
1314 1525 1469 1586 quaerentes

292 1589 441 1651 Christum,
467 1592 588 1656 singulas
611 1596 747 1656 portantes
771 1592 896 1657 pyxidem
920 1594 948 1642 in
972 1588 1122 1652 manibus“;
1146 1606 1195 1640 vor
1212 1588 1336 1640 Versilrel
1354 1585 1373 1638 4
1389 1588 1470 1639 heisat

293 1672 335 1706 es:
355 1658 452 1722 ,Facto
469 1660 610 1710 intervallo
631 1661 741 1726 angelus
753 1661 825 1710 intra
836 1659 985 1725 sepulcrum
999 1666 1126 1726 appareat
1144 1660 1182 1709 eis
1197 1663 1223 1709 et
1234 1658 1305 1708 dieat
1316 1657 1365 1706 hoc
1377 1657 1468 1707 modo:

294 1724 380 1785 Quem
397 1729 527 1794 quaeritis
545 1724 609 1778 etc.“
628 1752 663 1762 -
676 1730 727 1778 Am
740 1724 846 1778 Sohluis
858 1728 925 1794 iolgt
936 1729 1008 1778 daun
1018 1728 1062 1779 die
1073 1727 1251 1778 dramatisohe
1263 1727 1468 1790 Osterseqnenz:

218 1842 223 1857 ,
295 1789 447 1857 „Victimoe
468 1792 599 1861 paschali
622 1793 744 1846 laudes“.
770 1823 804 1831 -
825 1798 878 1846 Zur
895 1798 1031 1847 Literatur
1048 1797 1101 1862 vgl.
1120 1795 1229 1847 Ohsval.
1247 1797 1353 1858 Repert.
1371 1795 1468 1858 Hymn.

290 1863 336 1912 Nr.
357 1860 436 1927 7741,
456 1863 603 1914 ausserdem
622 1864 674 1930 vgl.
691 1866 736 1915 W.
753 1866 851 1930 Meyer,
871 1865 996 1916 Carmina
1013 1866 1127 1926 Burana,
1145 1881 1170 1929 p.
1191 1859 1240 1914 126
1258 1879 1315 1929 sqq.

676 2065 703 2120 7.
724 2065 760 2119 In
777 2065 947 2135 llpiplranla
964 2065 1098 2121 ltonlnl.

295 2199 426 2284 [Mcpi]:
493 2205 644 2266 Credimus
666 2206 833 2266 immensum
857 2225 951 2282 regem
975 2224 1038 2266 cum
1061 2208 1286 2284 siderenatum,

488 2293 618 2351 Aeterna
640 2293 720 2350 ouius
742 2293 850 2351 virtute
873 2309 997 2366 superna
1018 2301 1165 2367 reguntur,

490 2377 578 2436 Cuius
600 2383 631 2435 et
647 2378 770 2451 imperio
786 2378 860 2438 'caro
882 2379 1016 2438 subditur
1037 2379 1129 2437 omnis
1151 2378 1188 2437 ab
1210 2394 1291 2438 aevo.

288 2459 441 2519 Nostius:
488 2461 580 2539 Regia
602 2479 653 2521 vos
674 2463 810 2522 mandata
832 2472 945 2542 vocant,
968 2481 1026 2523 non
1048 2464 1174 2538 segniter
1195 2464 1245 2524 ite.
1281 2519 1282 2524 ,

290 2544 394 2619 Mopi:
488 2547 574 2606 Hunc
604 2563 726 2622 regnare
755 2547 879 2608 fatentes
903 2565 966 2608 cum
988 2551 1118 2623 mysticis
1140 2548 1306 2608 muneribus
1330 2547 1366 2607 de
1387 2552 1466 2606 terra

526 2633 681 2706 longinqua
703 2635 826 2694 adorare
849 2636 987 2702 venimus.

378 2714 384 2726 ”
428 2734 436 2774 :
485 2718 549 2777 Rex
569 2721 688 2778 mandat
709 2719 801 2794 vobis,
824 2721 916 2779 omnis
936 2737 1019 2794 quem
1039 2726 1119 2780 terra
1140 2719 1290 2791 tremiscit,

485 2803 620 2862 Protinus
643 2812 675 2862 ut
697 2818 825 2878 gressum
849 2811 975 2864 vestrum
999 2805 1130 2879 dirigatis
1153 2805 1190 2864 ad
1213 2804 1317 2877 ipsum.

367 2884 391 2944 ’.·
486 2887 570 2946 Nunc
591 2890 755 2948 venerande
777 2898 844 2949 tene
866 2896 1021 2964 sceptrum,
1044 2907 1106 2962 rex,
1129 2890 1288 2964 imperiale.

485 2973 566 3044 Huc,
582 2976 716 3033 semistae
738 2977 804 3050 mei,
960 3049 963 3056 Ι

416 3081 419 3086 ·
482 3057 629 3117 Dissertos
651 3061 755 3133 pagina
777 3062 816 3119 ad
838 3077 885 3119 me
907 3067 1097 3135 properantes
1119 3065 1228 3120 vocate.

376 3138 382 3152 ’
426 3156 436 3197 .·
483 3143 601 3216 Ologis
623 3146 720 3219 periti,

482 3229 511 3287 A
533 3243 600 3302 rege
621 3231 725 3300 vocati,

482 3312 553 3372 Cum
575 3315 781 3387 prophetarum
803 3316 888 3375 lineis
910 3317 1094 3390 properando
1116 3316 1221 3376 venite.

487 3399 511 3458 0
532 3415 584 3458 vos
606 3399 727 3470 scribae,
750 3402 921 3476 interrogati
944 3403 1041 3475 dicite,
1065 3402 1180 3475 siquid
1204 3401 1240 3459 de
1263 3402 1318 3460 hoc
1339 3415 1429 3476 puero

525 3484 665 3557 scriptum
687 3487 819 3544 videritis
841 3487 872 3544 in
895 3487 987 3551 libris.

486 3568 633 3647 Vidimus,
662 3570 802 3646 Domine,
825 3571 856 3629 in
879 3573 1084 3648 prophetarum
1105 3572 1190 3631 lineis
1213 3572 1289 3644 quod
1304 3567 1462 3652 ,munitate

526 3655 748 3728 scriptumest:

406 3753 416 3794 .·
481 3739 639 3815 Bethleem,
660 3758 716 3800 non
732 3743 789 3800 eris
804 3743 923 3802 minima
936 3743 966 3800 in
982 3742 1160 3818 principibus
1175 3742 1265 3818 Iuds3
1289 3757 1325 3800 ex
1339 3748 1369 3799 te
1384 3740 1461 3799 enim

525 3826 601 3883 exiet
624 3826 693 3899 dux,
717 3828 765 3900 qui
787 3836 869 3901 regat
892 3828 1028 3902 populum
1051 3829 1274 3906 meumlsrae13
1299 3827 1363 3901 ipse
1385 3825 1461 3884 enim

524 3911 633 3970 salvum
656 3909 745 3970 iaciet
766 3914 904 3986 populum
925 3929 1008 3972 suurn
1029 3931 1046 3973 a
1068 3913 1195 3987 peccatis
1218 3928 1326 3973 eornm.

283 3991 364 4050 Res:
482 3994 598 4074 Regem,
622 4012 705 4070 quem
728 3999 876 4075 quaeritis,
894 3993 1012 4080 [natum
1030 4015 1162 4073 essequo
1179 3999 1260 4073 signo
1280 3991 1460 4076 didicistis]?
1625 4031 1626 4046 τ

283 4075 388 4150 Mapi:
479 4080 567 4138 Illum
587 4086 685 4139 natum
708 4098 772 4141 esse
795 4079 963 4162 [didicimus
978 4085 1008 4142 in
1024 4085 1141 4144 Oriente
1155 4085 1242 4143 stella
1256 4077 1458 4160 monstranteJ.

282 4161 363 4221 Reae:
481 4163 513 4223 Si
533 4165 614 4224 illum
636 4183 757 4242 regnare
781 4164 923 4247 [creditis‚
948 4169 1036 4228 dicite
1057 4166 1165 4250 nobis}
1625 4195 1626 4198 ¹

480 4251 526 4308 Ite
548 4257 577 4308 et
599 4251 636 4309 de
657 4270 748 4326 puero
772 4250 940 4333 [diligenter
960 4255 1134 4330 investigate
1154 4260 1183 4313 et
1203 4256 1353 4315 inventum

521 4335 673 4394 redeuntes
696 4340 766 4399 mihi
787 4336 974 4420 renuntiate].

283 4416 386 4492 Mapi:
481 4420 568 4497 Ecce,
581 4421 664 4481 stella
676 4423 831 4485 inoriente
844 4421 991 4504 [praevisa
1001 4425 1106 4484 iterum
1117 4425 1267 4499 praevenit
1275 4441 1327 4482 nos
1335 4418 1458 4501 lucidal.

286 4497 536 4577 ObstetricessQni
558 4512 625 4564 sunt
647 4508 687 4580 hi,
709 4511 758 4583 qui
779 4510 866 4571 stella
889 4511 962 4570 duee
983 4525 1036 4568 nos
1058 4512 1198 4571 adeuntes
1221 4517 1249 4569 et
1270 4508 1402 4568 inaudita

520 4589 668 4651 ferentes?
