3409 5384
765 551 808 560 -
851 516 913 579 232

421 687 580 761 Superuum
1036 689 1110 748 Dum
1133 690 1273 746 mortuum

376 773 529 832 Brachium
552 772 657 847 rapuit,
929 777 969 836 20
1038 775 1106 832 Post
1126 773 1252 831 triduum

377 859 473 917 Morte
495 863 615 916 mortem
639 859 772 919 destruit.
992 861 1177 920 Frumentum

419 945 543 1002 Vernum
991 946 1073 1005 Parit
1095 959 1151 1002 uno
1172 948 1293 1011 centum,

315 1028 353 1089 15
378 1029 463 1087 Sidus
487 1029 589 1088 claruit
1036 1030 1147 1088 Reddit
1158 1026 1281 1086 fructum
1295 1026 1478 1100 centuplum,

418 1111 514 1171 Solem
537 1130 590 1186 per
613 1113 799 1188 hodiernum
992 1116 1201 1174 lucrementum

421 1201 575 1258 Veterensem
930 1203 969 1260 25
1037 1201 1069 1258 iu
1092 1199 1247 1261 succulum.

378 1285 455 1342 Perit
478 1286 661 1358 fermentum,

364 1435 483 1485 Orestion.
512 1451 560 1483 ms.
589 1437 735 1500 Cumpense
763 1437 826 1485 anni
856 1433 931 1487 1462.
976 1437 1040 1487 Cod.
1067 1436 1260 1487 Durmstudieu.
1287 1431 1347 1484 521.
1378 1433 1411 1484 A.
1442 1461 1482 1468 —

294 1503 413 1566 Flucius,
440 1505 486 1554 Nn.
509 1505 579 1553 LIX.
602 1505 632 1554 B.
651 1529 685 1538 -
708 1501 724 1553 3
747 1504 844 1555 1111111
868 1510 959 1570 putere
982 1506 1065 1555 1.-
1088 1503 1104 1554 5
1128 1505 1242 1554 studium
1263 1505 1293 1554 B.
1311 1529 1346 1537 —
1363 1498 1381 1551 6
1399 1503 1480 1553 Tuae

292 1568 334 1688 gut.
352 1571 429 1635 Vico)
445 1573 476 1623 Β.
494 1601 526 1609 -
550 1569 581 1622 10
599 1573 699 1637 Pignus
717 1577 852 1623 aeteruum
870 1574 901 1623 Β.
919 1600 954 1607 -
973 1570 1005 1623 14
1024 1575 1120 1624 Verum
1139 1574 1169 1621 B.
1187 1597 1222 1607 —-
1241 1568 1272 1621 17
1291 1573 1376 1621 Vetus
1395 1571 1428 1620 B.
1443 1597 1480 1606 —

310 1637 326 1689 5
344 1640 410 1690 fehlt
426 1642 457 1691 B.
473 1667 507 1673 -
518 1640 749 1690 Wehrscheinlich
760 1642 866 1706 Tropus
884 1642 962 1692 uber:
983 1642 1193 1708 „Expurgate
1210 1645 1306 1690 vetus
1323 1639 1480 1690 fermen-

290 1711 325 1757 11
334 1725 367 1769 ru,
385 1714 421 1758 ut
439 1711 518 1758 sitis
536 1724 622 1758 nova
640 1706 868 1774 conspersio“,
888 1710 1052 1776 weunglcich
1071 1709 1114 1760 ich
1127 1710 1217 1759 diesen
1229 1709 1388 1759 Schrifttext
1400 1708 1481 1758 nicht

292 1776 333 1826 111
357 1777 455 1828 Versus
476 1777 663 1827 Alleluieticus
687 1778 856 1828 uachweisen
878 1778 960 1829 kann.
978 1806 1011 1815 -
1035 1778 1105 1829 Titcl
1129 1780 1158 1827 iu
1179 1778 1215 1827 A:
1241 1778 1341 1842 „Proca
1365 1776 1402 1827 de
1427 1778 1480 1828 Re-

292 1847 454 1896 surrectious
471 1845 537 1895 feria
556 1840 695 1896 secundu“.

612 2079 674 2137 147.
702 2079 737 2134 11
755 2080 992 2138 Resurrectionc
1010 2081 1143 2144 Domini,

337 2239 352 2299 1
377 2239 496 2297 Hostem
519 2244 638 2310 superat
993 2241 1069 2299 Date
1092 2239 1175 2299 veuiu

377 2325 416 2382 Et
438 2324 581 2383 infernum
605 2329 716 2385 reseret
930 2327 969 2387 10
993 2325 1051 2384 Sua
1072 2325 1165 2398 gretia

374 2409 414 2468 Et
436 2409 577 2467 homiuem
600 2410 705 2471 liberet
1035 2411 1145 2470 Reddit
1167 2409 1305 2479 libernm3

417 2496 576 2565 Perditum,
992 2495 1040 2554 Sic
1063 2503 1092 2553 et
1115 2495 1184 2554 vitia

333 2583 351 2639 5
419 2580 527 2653 Culpue
549 2582 635 2640 solvit
658 2581 784 2639 debitum
1034 2583 1163 2654 Purgans
1186 2595 1305 2652 operum

374 2665 428 2724 Dei
453 2664 536 2744 fitius,
1034 2666 1094 2724 Nos
1115 2665 1153 2724 ad
1177 2681 1312 2741 superum

375 2751 428 2822 Qui
452 2752 592 2822 propitius
930 2754 968 2811 15
992 2752 1087 2810 Ducat
1109 2751 1223 2824 gaudia.

417 2836 561 2894 Scelerum

290 3055 331 3105 Pl.
350 3052 391 3106 29.
412 3053 434 3106 1.
453 3057 552 3107 -Ich
569 3073 643 3122 wago
660 3073 709 3107 vor
726 3057 773 3107 der
791 3057 872 3108 Hand
889 3057 972 3116 nicht,
992 3056 1082 3106 diesen
1099 3056 1270 3119 Ostertropus
1289 3080 1322 3089 -
1340 3056 1390 3105 das
1410 3057 1484 3107 wird

291 3140 319 3174 cr
341 3124 409 3175 nach
432 3125 521 3175 Inhalt
545 3126 599 3176 und
623 3126 700 3175 Form
725 3125 794 3175 wohl
818 3125 905 3175 sicher
931 3127 988 3175 sein
1006 3150 1039 3159 -
1064 3126 1150 3174 eincm
1173 3125 1342 3173 bestimmten
1368 3121 1406 3178 V.
1434 3141 1484 3175 zu·

359 2987 480 3037 cantion.
505 3002 553 3039 ms.
575 2989 648 3038 Petri
672 2988 705 3039 de
730 2988 841 3039 Medicis
865 2985 1018 3052 (Gallicum)
1040 3001 1108 3037 saer..
1133 2983 1173 3037 13.
1209 2985 1273 3037 Cod.
1299 2986 1483 3038 Laurentium.

289 3192 469 3244 uusshrcibeu.

612 3357 674 3415 448.
701 3359 737 3414 lu
755 3358 995 3416 Resurrectlouc
1013 3358 1147 3416 11111111.

638 3501 666 3559 1.
690 3499 861 3558 Resurrexit
883 3498 979 3578 hodie,

692 3583 739 3656 qni
761 3584 858 3656 pridie

691 3685 792 3744 passus
815 3674 860 3728 cst
881 3685 935 3742 pro
956 3669 1080 3729 homine.

292 3811 344 3867 21.
376 3807 431 3866 Vin
453 3823 529 3879 vera,
554 3806 654 3864 mortis
676 3806 745 3878 vita,
907 3806 963 3869 nb.
994 3805 1075 3876 Quod
1097 3821 1154 3863 uon
1176 3804 1306 3876 pepercit
1328 3804 1457 3876 proprio

376 3893 463 3954 salus,
487 3903 586 3952 nostru
609 3893 770 3964 redemptio
993 3896 1112 3964 propter
1134 3906 1185 3948 uos
1207 3906 1258 3947 suo
1280 3887 1350 3961 filio,

377 3985 500 4035 mortem
524 3983 615 4034 morte
637 3977 775 4050 perdidit,
992 3974 1268 4048 1111111111111111,

378 4064 437 4119 vito
459 4063 546 4120 vitam
569 4063 701 4136 redemit,
995 4061 1141 4120 destructo
1164 4060 1263 4117 mortis
1285 4058 1421 4132 principe

377 4161 437 4220 rex,
462 4154 573 4204 creator
595 4149 730 4221 omnium,
993 4147 1087 4205 lundis
1110 4144 1281 4204 sucrificium

377 4248 459 4304 quem
484 4233 566 4289 decet
588 4247 641 4304 per
662 4233 806 4292 saeculum
993 4231 1093 4290 offerat
1115 4229 1241 4288 fideliter

374 4318 447 4391 1111,
468 4319 568 4392 honor,
993 4333 1056 4375 cum
1079 4315 1164 4374 turba

375 4403 465 4460 virtus
489 4410 517 4458 et
538 4401 679 4462 iubilatio.
993 4402 1191 4460 succerdotum
1213 4416 1266 4477 per
1287 4399 1450 4462 saeculum.

356 4555 437 4645 Trop.
462 4569 509 4604 ms.
534 4554 677 4603 Diessense
700 4569 769 4604 succ.
794 4549 834 4604 14.
875 4553 942 4604 Clm.
966 4554 1106 4603 Monaceu.
1131 4548 1206 4622 5539.
1233 4577 1264 4586 -
1290 4540 1481 4602 Uberschrist:

293 4622 413 4688 „Tropus
437 4635 444 4685 ς
466 4637 493 4672 11
512 4621 596 4670 bleibt
613 4621 743 4682 unsicher,
762 4621 886 4672 welchem
907 4622 1076 4673 Schrifttextc
1092 4637 1121 4671 er
1140 4621 1304 4670 zuzuweiseu
1322 4620 1371 4669 sei.

92 4691 102 4773 1
