3409 5384
302 673 332 731 6.
368 671 441 740 lesu,
466 686 520 742 per
541 677 570 727 te

409 755 501 813 Video
523 755 599 828 quod
622 755 723 814 ianuae

367 839 430 899 Sint
451 847 579 914 apertae.

408 927 468 984 lam
490 927 519 984 in
542 926 605 984 loco
627 941 751 998 pascuae

369 1011 437 1069 Post
457 1009 555 1070 finitae

366 1097 486 1156 Cursum
511 1096 587 1154 vitae

409 1181 458 1240 Me
480 1183 630 1242 constitue.

302 1274 305 1279 '
366 1267 483 1324 Totiens
506 1267 658 1326 lacessitae

407 1351 521 1410 Mentes
541 1354 600 1410 sint
620 1352 712 1410 laetae

366 1437 435 1495 Post
458 1437 595 1495 dolorem.

407 1522 468 1580 Iam
492 1523 632 1594 complete

364 1607 462 1668 Inois
487 1615 551 1680 post
574 1607 701 1666 laborem

406 1693 544 1751 Athletae

364 1777 426 1837 Tuo
450 1780 488 1836 da
509 1778 604 1850 quiete

406 1863 478 1922 Frui
501 1869 540 1924 te.

303 1983 331 2044 7.
364 1981 452 2041 Dona
474 1981 619 2054 stipendia

407 2067 468 2125 Iam
491 2068 619 2140 emerito,

365 2151 473 2211 Stolam
497 2169 561 2210 cum
583 2153 684 2226 gloria,

407 2239 464 2297 Pro
486 2239 589 2311 quibus
610 2237 711 2297 milito,

361 2322 425 2380 Illis
446 2329 478 2380 nt
500 2324 586 2383 venia
634 2343 637 2346 ’

405 2407 472 2464 Fiat
494 2406 601 2481 flagito,

362 2491 463 2564 Neque
482 2493 625 2566 supplicia

404 2576 463 2635 Des
485 2595 538 2650 pro
560 2579 670 2637 merito.

772 499 1003 562 -252-

921 673 949 731 9.
983 670 1029 728 Na
1049 674 1159 728 statuas
1182 669 1208 727 ei

1046 755 1109 812 Hoc
1130 772 1184 828 pro
1206 755 1342 826 crimine;

1003 841 1115 899 Memor
1137 848 1198 898 esto
1220 841 1262 898 rei

1046 927 1079 984 ln
1103 924 1277 986 discrimine.

1004 1007 1204 1082 Convertatur,
1228 1010 1362 1082 Domine,

1002 1095 1056 1154 Vir
1076 1096 1244 1168 sanguinum
1263 1113 1280 1155 a
1302 1097 1467 1174 sanguine,

1003 1180 1047 1238 Ne
1070 1181 1169 1238 ruinae

1001 1265 1114 1325 Tradas
1137 1282 1201 1325 eum
1223 1267 1255 1324 in
1277 1264 1345 1325 fine.

959 1481 965 1494 .
1000 1435 1064 1494 Cito
1086 1435 1225 1494 miserere

1000 1520 1119 1595 Misero,
1143 1537 1178 1579 ne
1201 1522 1303 1578 misere

1045 1607 1137 1664 Possit
1161 1607 1279 1664 interire

1042 1693 1140 1750 Poena
1162 1693 1262 1750 mortis
1285 1692 1370 1750 dirae

1042 1778 1076 1833 ln
1100 1776 1200 1834 diebus
1221 1777 1290 1834 irae.

1001 1861 1151 1918 Neminem
1174 1863 1217 1920 vis
1239 1862 1377 1935 perdere,

1001 1947 1059 2007 Sed
1083 1963 1249 2007 conversum
1270 1947 1389 2020 vivere3

1000 2033 1034 2092 lu
1057 2032 1166 2090 scelere

1043 2117 1160 2174 Nullum
1183 2117 1225 2176 vis
1248 2118 1354 2196 perire,

999 2203 1057 2262 Sed
1079 2203 1209 2278 diligere,

1000 2286 1126 2347 Credere

1041 2373 1082 2430 Te
1104 2373 1245 2432 misereri.

999 2457 1077 2528 Quae
1101 2459 1227 2536 commisi
1250 2474 1290 2534 rc,

998 2543 1086 2602 Flere
1109 2544 1147 2601 da
1168 2544 1289 2616 sincere,

1000 2628 1075 2686 Vere
1097 2629 1253 2707 paenitere,

299 2698 329 2757 8.
362 2695 536 2754 Misericors
558 2697 645 2774 Deus,
998 2712 1073 2772 Fide
1096 2716 1221 2789 placere,

405 2783 495 2840 Parce
517 2783 629 2856 sceleri,
999 2798 1056 2871 Spe
1078 2796 1200 2861 fervere.

363 2865 464 2924 Nescit
486 2868 569 2925 homo
591 2884 656 2926 reus
718 2881 721 2886 ·

405 2952 504 3011 Scelus
526 2951 598 3015 fieri.

650 3072 734 3130 Deus
755 3089 845 3146 omas,
869 3072 984 3132 salvam
1005 3088 1051 3131 mo
1072 3074 1121 3145 foc

646 3162 769 3231 propter
791 3157 1035 3217 misericordiam.

298 3276 347 3335 11.
379 3275 427 3334 Ta
450 3274 552 3333 deitati

423 3375 539 3418 carnem
561 3360 657 3438 unisti,
1041 3361 1105 3419 Non
1128 3361 1276 3424 horruisti.

382 3445 427 3504 Tu
448 3461 501 3516 pro
524 3459 569 3500 me
591 3445 652 3518 pati
996 3445 1092 3506 Reddi
1115 3444 1208 3506 favori

230 3569 250 3602 x
423 3529 599 3588 Sustinuisti.
989 3569 992 3578 ,
1039 3531 1113 3604 Quid
1137 3533 1214 3612 valet
1235 3530 1306 3590 isti?

382 3614 473 3673 Nemo
495 3621 576 3672 tanta
598 3613 662 3672 fieri
997 3615 1078 3674 Nihil
1100 3623 1196 3689 potest
1216 3617 1327 3676 muneri

1040 3701 1133 3760 Tanto
1155 3720 1209 3775 par
1230 3703 1372 3766 censeri.-

997 3786 1076 3844 Tuae
1098 3804 1197 3845 munus
1221 3790 1302 3861 operi

1023 3913 1026 3920 .
1040 3871 1086 3930 Da
1107 3874 1340 3933 misericordiam

914 3277 963 3338 12.
997 3277 1044 3334 Ta
1065 3293 1119 3348 pro
1141 3291 1186 3334 me
1208 3279 1280 3334 mori

423 3699 521 3758 Potest
542 3701 710 3776 promereri,

381 3783 439 3842 Sed
461 3791 493 3842 tu
515 3785 596 3843 cordi
618 3785 716 3844 miseri

424 3869 470 3927 Da
492 3870 732 3937 misericordiam.

631 3990 680 4049 13.
712 3990 760 4049 To
781 3996 874 4050 morte
894 3989 979 4048 morti
1023 3998 1025 4003 ’

745 4076 870 4135 Mortem
894 4075 1016 4148 dedisti;

706 4161 829 4219 Tartara
851 4159 919 4218 forti

711 4290 714 4297 .
747 4245 837 4303 Manu
859 4244 991 4319 fregisti..
1019 4307 1023 4314 k

703 4332 769 4389 Iure
791 4330 835 4388 sui
857 4332 954 4389 meriti

745 4415 836 4476 Nemo
860 4422 954 4488 potest
976 4416 1047 4489 niti;

703 4501 782 4574 Ergo
805 4507 853 4558 tuo
875 4501 960 4559 militi
1041 4557 1045 4563 .

639 4640 643 4645 .
743 4587 788 4644 Da
811 4586 1052 4646 misericordiam.
