3409 5384
751 467 983 531 -383-

561 754 608 808 781
617 770 647 811 a.
676 754 774 825 Super
791 755 923 825 „Libera
943 770 990 811 me
1008 755 1168 813 Ilomlne“.

514 930 541 988 1.
564 931 647 988 Dum
668 930 776 990 veneat
797 928 880 1010 filius
900 931 1029 989 hominis

527 1031 530 1035 ·
564 1016 703 1075 Iudicare
722 1016 872 1075 soeculum
889 1033 946 1089 per
967 1016 1074 1096 ipnrm,

305 1136 338 1194 2.
362 1132 447 1191 Dicet
468 1132 551 1191 iustis
925 1137 955 1198 3.
978 1136 1063 1193 Dicet
1084 1136 1180 1208 impiis

403 1218 440 1277 ad
464 1218 612 1278 dexteram
636 1221 754 1293 positis:
1021 1222 1058 1280 ad
1080 1222 1191 1281 laevam
1214 1222 1331 1295 positis:

366 1304 496 1381 „Venite
519 1303 674 1381 benedicti,
981 1309 1053 1383 „ite‚
1076 1307 1231 1376 maledicti,

363 1389 451 1447 Vobis
475 1389 545 1447 dare
978 1394 1025 1451 Ad
1047 1391 1199 1464 infernum,

403 1490 521 1547 regnum
545 1472 704 1549 disp'osui“.
1020 1495 1162 1550 uunquam
1185 1474 1337 1541 redituri“.

360 1560 384 1619 0
407 1558 478 1618 felix
500 1577 564 1633 vox,
978 1564 1011 1639 0,
1035 1562 1108 1635 proh
1131 1563 1222 1636 dolor,

405 1643 475 1703 felix
498 1647 660 1720 promissio,
1019 1653 1126 1720 quanta
1148 1648 1276 1717 tristitia,

292 1734 294 1738 ’
361 1730 443 1789 Felix
466 1732 559 1807 dator,
977 1734 1104 1804 Quantus
1126 1734 1229 1802 luctus,

404 1815 473 1874 felix
496 1826 524 1874 et
548 1818 641 1877 datio!
1019 1824 1125 1891 quauta
1144 1818 1276 1875 miseria!

513 1941 541 2000 4.
565 1937 605 1995 Ia
628 1936 674 1995 die
695 1936 749 1995 illa
771 1938 932 2012 fremendo,

522 2064 525 2070 ,
566 2018 685 2093 quaudo
708 2022 783 2080 coeii
804 2024 939 2082 movendi
960 2027 1030 2083 suat
1052 2028 1077 2081 ct
1098 2026 1187 2080 temo.

346 2208 421 2256 Miss.
449 2222 496 2257 ms.
521 2208 621 2256 Viridis
647 2208 737 2258 Silvae
766 2211 829 2257 anni
855 2206 929 2259 1466.
972 2208 1034 2258 (lod.
1059 2208 1170 2258 Paulam.
1194 2203 1237 2257 25.
1261 2204 1284 2256 2.
1309 2203 1350 2257 30.
1373 2201 1454 2267 (Bias.

266 2276 373 2325 memb.
392 2272 443 2332 59).
455 2275 487 2325 A.
503 2302 530 2309 -
545 2276 619 2325 Pros.
637 2292 685 2327 ms.
699 2277 873 2342 Sangallense
884 2276 1032 2339 (Branderi)
1048 2279 1111 2326 anni
1126 2273 1199 2325 1507.
1226 2275 1290 2325 Cod.
1304 2274 1455 2339 Sangallen.

266 2341 333 2395 546.
352 2344 383 2393 Β.
402 2370 436 2377 -
456 2341 479 2404 1,
499 2342 511 2393 1
531 2344 597 2394 Cum
615 2348 717 2395 venerit
736 2345 766 2395 A.
785 2372 819 2379 -
837 2343 853 2394 '2
871 2347 924 2395 und
943 2341 959 2394 3
977 2345 1128 2409 umgestellt
1143 2340 1254 2403 B.-2,
1274 2339 1291 2390 4
1309 2343 1371 2392 dare
1391 2342 1457 2392 fehlt

266 2415 306 2463 A.
328 2441 360 2449 -
380 2410 404 2473 2,
425 2410 439 2462 7
458 2413 576 2479 dignatio
593 2411 635 2471 (st.
654 2413 805 2477 promissio)
822 2416 851 2463 B.
870 2439 903 2447 —
921 2411 945 2472 2,
965 2409 981 2463 8
998 2414 1075 2462 datus
1093 2415 1123 2463 Β.
1145 2439 1177 2447 -
1194 2409 1247 2472 2,9
1265 2412 1329 2461 felix
1347 2411 1453 2461 donatio

264 2483 308 2532 B.
327 2505 361 2515 -
379 2477 404 2539 3,
426 2478 437 2529 l
457 2482 564 2532 iniustis
582 2478 624 2545 (st.
642 2481 742 2546 impiis)
760 2484 789 2531 B.
808 2509 840 2519 —
859 2478 884 2542 3,
902 2479 918 2530 6
937 2483 1056 2543 Quantus
1074 2480 1116 2543 (st.
1134 2483 1157 2532 Ο
1176 2477 1251 2546 proh)
1268 2481 1298 2529 B.

343 2550 410 2599 Iuli
428 2549 491 2615 geht
507 2550 576 2599 noch
594 2565 700 2610 vorans,
720 2550 775 2600 sich
794 2551 965 2600 unmittelbar
983 2566 1017 2599 an
1035 2550 1085 2599 deu
1097 2551 1200 2614 Tropus
1214 2549 1312 2614 „Audi
1333 2543 1452 2598 tellus“

264 2617 330 2669 {Nn
350 2614 408 2679 779)
429 2617 644 2675 anschliefsendl:

377 2716 452 2768 Dum
470 2717 572 2769 veneras
591 2716 714 2771 iudicare
731 2716 871 2770 saeculum
886 2732 937 2783 per
954 2716 1052 2786 tynam,

380 2788 479 2838 Aurum
499 2794 526 2838 et
543 2795 680 2853 argentum
699 2806 751 2839 non
769 2789 896 2839 liberabit
912 2805 961 2838 nos
981 2789 1014 2838 ab
1033 2791 1094 2853 igne
1112 2788 1242 2854 terribili3

380 2858 473 2907 Vestes
492 2863 518 2906 et
536 2858 647 2906 deliciae
664 2860 692 2907 in
711 2857 956 2907 condemnationem
973 2858 1010 2907 ibi
1029 2863 1113 2915 erunt,

380 2928 440 2975 Non
459 2926 585 2976 liberabit
602 2926 683 2975 frater
700 2927 836 2990 proprium
854 2926 969 2986 fratrem,
987 2940 1035 2974 nee
1054 2931 1129 2989 pater
1146 2924 1229 2973 filium
1248 2939 1332 2984 suum,

380 2994 431 3043 Sed
451 2996 563 3060 quisque
580 2994 663 3043 stabit
680 2988 818 3044 in'ordine
836 3010 892 3054 suo,
911 2998 966 3043 tam
984 2995 1013 3042 in
1030 2997 1087 3042 vita
1105 3008 1183 3058 quam
1202 2995 1229 3041 in
1247 2991 1378 3042 incendio.

562 3282 648 3337 7811).
676 3280 773 3351 Super
791 3281 922 3351 „Libera
940 3295 986 3335 me
1004 3278 1165 3335 Domiue“.

285 3457 316 3516 1.
340 3456 461 3527 Quando
483 3456 571 3528 Deua,
904 3460 933 3519 2.
956 3457 1028 3515 Post
1048 3457 1120 3514 haec
1142 3456 1219 3514 dicet

384 3540 460 3599 filius
482 3541 610 3615 virginis,
1000 3543 1037 3601 ad
1061 3542 1172 3600 laevam
1198 3540 1316 3614 positis:

342 3626 476 3685 iudicare
958 3627 1063 3686 Nescio
1089 3643 1149 3700 voe,

384 3713 527 3770 saeculum
552 3713 670 3790 venerit,
1001 3713 1125 3769 cultores
1149 3711 1287 3783 criminis,

342 3796 428 3855 Dicet
449 3797 530 3854 iustis
959 3798 1016 3855 Vos
1040 3798 1154 3871 decepit

386 3884 423 3941 ad
447 3883 578 3941 dextram
603 3881 719 3953 positis:
1000 3882 1091 3955 gloria
1113 3883 1237 3952 saeculi3

342 3967 491 4041 Accedite,
957 3968 1130 4026 Descendite

386 4053 484 4111 dilecti
506 4051 567 4129 filii,
1000 4055 1037 4111 ad
1059 4054 1117 4111 ima
1139 4052 1269 4111 barathri

343 4137 432 4198 Vobis
456 4138 524 4196 dare
650 4192 655 4203 ,
959 4138 1030 4197 Cum
1052 4139 1178 4197 Zabulon

387 4239 503 4296 regnum
528 4223 665 4295 disposui.
1002 4232 1030 4281 et
1052 4224 1111 4282 suis
1133 4223 1281 4283 ministris

342 4308 366 4367 0
390 4306 461 4366 felix
483 4324 549 4384 vox,
958 4310 982 4369 0
1004 4311 1077 4383 proh
1101 4309 1193 4382 dolor,

387 4391 457 4450 felix
483 4393 644 4466 promissio,
1002 4400 1107 4468 quauta
1130 4394 1259 4462 tristitia,

343 4477 428 4535 Felix
452 4478 544 4552 dator,
958 4482 1085 4553 Quantus
1107 4479 1212 4553 luctus,

387 4574 415 4619 et
439 4562 509 4620 felix
533 4564 626 4622 datio!
1002 4565 1114 4635 Quanta
1135 4565 1278 4636 suspiria!
