3409 5384
793 553 836 564 -
881 518 1029 583 308-

323 695 380 755 30.
412 692 503 749 Verus
526 691 574 764 qui
597 707 627 748 es
650 691 775 765 adiutor,
939 691 995 752 su.
1023 693 1132 751 Cuncta
1155 707 1219 748 men
1242 689 1361 748 crimino.
1383 697 1411 747 et

407 783 499 850 poter,
521 778 598 835 trine
620 779 711 850 Deus,
1024 777 1130 834 ‹ielicto
1153 787 1184 836 tu
1207 776 1316 838 relaxa.

392 928 472 993 Trop.
496 944 543 978 ms.
568 925 796 979 Heidenhemenss
818 943 885 978 saec.
912 925 951 977 11.
986 927 1049 977 Coti.
1068 928 1197 977 Oxonieu.
1216 925 1286 976 Seld.
1312 941 1393 990 supra
1410 923 1449 975 21.
1466 952 1495 960 -

321 996 372 1115 grin
395 995 591 1129 {gheluslsagoigt
612 996 762 1047 noehmuls:
789 997 972 1061 „Invocnvi
993 993 1054 1057 te“3
1079 995 1231 1061 singeleitct
1252 994 1317 1044 wird
1337 995 1384 1044 der
1401 995 1495 1058 Tropus

632 1270 635 1285 .
676 1229 739 1284 000.
766 1228 927 1292 Dominicis
943 1228 969 1284 Ι.
989 1228 1172 1286 Adventus„

774 1381 802 1440 1.
825 1378 967 1438 [noceant

323 1504 376 1561 2a.
407 1501 457 1574 Te,
481 1499 585 1558 exaudi
940 1498 995 1560 21).
1023 1499 1063 1556 Et
1086 1498 1197 1556 dimitte

408 1601 462 1658 me,
486 1585 649 1642 misericors
1025 1584 1094 1642 mihi
1117 1583 1221 1657 omnio,

407 1677 492 1742 atquo
516 1670 643 1742 piissimo
665 1668 797 1737 Domine,
1023 1684 1207 1741 quaecunque
1229 1668 1303 1742 gessi
1329 1666 1471 1743 facinora,

323 1793 379 1852 sa.
409 1791 449 1849 Et
471 1787 518 1848 fao
539 1805 584 1846 me
607 1788 694 1861 digno
715 1787 768 1845 tibi
939 1789 994 1848 3b.
1021 1788 1061 1845 Et
1083 1789 1130 1860 pie
1152 1787 1276 1846 vivendo
1297 1787 1457 1846 adventum

407 1875 529 1949 posthac
550 1890 664 1946 semper
685 1873 767 1946 sequi
1022 1881 1101 1932 tuum
1124 1879 1301 1946 exspectare.
1403 1939 1406 1946 Ι

392 2027 472 2090 Trop.
496 2042 544 2076 ms.
568 2026 724 2076 Prumiense
746 2041 815 2075 saec.
839 2021 904 2076 ¹⁰trr.
942 2025 1005 2076 Cod.
1029 2026 1142 2074 Parisin.
1161 2022 1237 2076 9448.
1257 2027 1285 2076 A.
1305 2051 1340 2060 -
1359 2025 1442 2090 Trop.
1460 2039 1505 2075 ms.

324 2097 537 2146 Emmeramenss
561 2093 624 2145 anni
649 2090 774 2144 933-36.
812 2093 877 2143 Cim.
902 2095 1039 2144 Monacen.
1060 2089 1156 2143 14322.
1175 2095 1205 2144 Β.
1223 2121 1257 2128 -
1275 2090 1325 2154 21),
1353 2089 1505 2143 3facinoro

325 2167 396 2284 {guasi
407 2166 485 2282 33·-
498 2164 553 2213 Vor
570 2161 582 2212 l
603 2163 642 2212 als
655 2152 822 2213 Uberschrift
839 2165 867 2212 in
879 2164 912 2212 B:
933 2163 1114 2228 „Invocavi
1132 2158 1179 2212 ts“
1199 2163 1248 2212 mit
1264 2163 1373 2228 langem
1386 2162 1505 2211 Melisms

666 2397 728 2452 001.
759 2397 919 2453 Dominicis
937 2398 977 2452 II.
997 2398 1174 2453 Adventus.

328 2553 384 2612 la.
414 2549 462 2608 De
484 2548 561 2607 coeto
583 2547 696 2622 plebem
754 2543 757 2547 ’
944 2547 999 2608 rb.
1026 2548 1079 2619 Qui
1102 2563 1132 2604 es
1156 2554 1184 2605 et
1207 2548 1330 2606 clemens

412 2635 487 2692 hunc
509 2633 655 2703 miserare,
1028 2639 1056 2690 et
1079 2634 1268 2705 omnipotens,

325 2758 380 2814 2a.
415 2755 493 2812 Iuste
516 2752 617 2810 videns
943 2751 999 2811 2b.
1028 2753 1104 2809 Iuste
1127 2753 1205 2809 caelo

340 2842 342 2845 '
412 2839 487 2895 iuste
511 2845 596 2910 atque
619 2852 729 2910 regens,
857 2829 865 2844 ¹
1028 2843 1161 2908 terraque
1185 2837 1351 2912 disponens,

412 2931 441 2980 et
463 2924 510 2994 qui
534 2939 564 2980 es
587 2931 690 2980 cuncto
1028 2922 1094 2993 quia
1116 2922 1226 2981 iustitia

684 3043 713 3101 3.
735 3041 783 3098 De
805 3041 882 3098 coelo
900 3041 1060 3112 prospexit.

398 3194 478 3258 Trop.
497 3208 545 3243 ms.
563 3191 735 3242 Martialense
753 3187 961 3242 ann1933-36.
991 3191 1055 3242 Cod.
1071 3192 1185 3241 Parisin.
1206 3188 1279 3241 1240.
1298 3193 1362 3243 add.
1384 3210 1457 3246 saec.
1476 3191 1512 3246 10.

325 3262 358 3312 A.
377 3287 411 3296 -
430 3262 510 3325 Trop.
534 3277 582 3310 ms.
600 3261 771 3310 Martialensc
795 3274 864 3308 suec.
886 3256 924 3309 10.
944 3275 983 3308 ex.
1020 3259 1082 3309 Cod.
1100 3260 1215 3310 Parisin.
1235 3257 1308 3310 1118.
1327 3264 1361 3312 Β.
1382 3292 1419 3300 -
1438 3265 1512 3328 Trop.

325 3346 373 3380 ms.
401 3331 565 3380 Nivemense
588 3344 656 3378 suec.
681 3325 718 3376 12.
756 3327 819 3376 Cod.
842 3329 952 3376 Parisiu.
979 3329 1064 3377 Nouv.
1088 3343 1145 3394 uoq.
1166 3325 1239 3379 1235.
1258 3329 1285 3378 C.
1304 3356 1341 3364 -
1360 3331 1447 3396 Trop.
1469 3347 1512 3380 ms.

324 3399 518 3448 Moissiacense
544 3413 613 3448 saec.
634 3393 673 3445 11.
708 3396 772 3446 Cod.
790 3397 905 3446 Parisin.
923 3398 1010 3445 Nouv.
1032 3411 1088 3460 acq.
1109 3393 1183 3446 1871.
1201 3397 1235 3446 D.
1255 3424 1285 3432 -
1305 3394 1360 3459 2a,
1388 3397 1473 3467 3qui
1489 3413 1513 3450 es

326 3467 393 3516 fehlt
404 3467 506 3517 ABCD.
519 3494 552 3502 -
565 3467 620 3514 Der
638 3466 764 3529 tropierte
776 3461 801 3513 2.
812 3466 911 3514 Versus
924 3464 969 3513 des
982 3463 1149 3514 Offertorium
1163 3465 1258 3516 lautet:
1276 3468 1514 3520 Misericordia

325 3540 357 3584 et
373 3537 500 3586 veritas
518 3536 748 3585 obviaverunt
764 3533 845 3592 sibi,
864 3535 991 3582 veritas
1010 3533 1047 3582 de
1060 3538 1149 3584 terra
1164 3539 1235 3583 ortu
1248 3540 1309 3595 cst,
1329 3543 1365 3586 ot
1379 3538 1513 3589 institis

325 3600 361 3654 dc
382 3599 490 3654 coe-to
509 3598 702 3666 prospexit.

667 3835 731 3892 002.
761 3835 922 3890 Dominico
938 3836 979 3891 II.
998 3836 1162 3892 Adventus.

329 3979 382 4041 la.
413 3978 558 4036 Decenter
580 3983 665 4049 atque
944 3976 1001 4037 lb.
1029 3978 1063 4035 In
1086 3963 1188 4036 throno
1211 3980 1324 4051 pollens

413 4062 584 4121 mirabiliter
1028 4078 1080 4120 rex
1104 4061 1225 4122 feliciter

329 4185 384 4243 20.
415 4183 528 4241 Prolem
551 4198 653 4239 novum
804 4221 806 4224 .
945 4181 1001 4243 2b.
1030 4182 1162 4240 Paradisi

414 4282 430 4324 e
453 4267 531 4325 coelo
554 4266 670 4341 direxit,
1030 4267 1134 4324 stolam
1157 4269 1289 4344 primam,
1313 4286 1413 4332 verax

414 4351 578 4409 condonans
601 4352 683 4409 nobis
1029 4359 1058 4408 et
1080 4353 1171 4410 iustus
1193 4353 1275 4412 nobis

687 4473 716 4530 3.
738 4470 786 4528 De
808 4469 886 4528 coeto
905 4448 1064 4544 00000000.

397 4623 476 4686 Trop.
494 4636 543 4671 ms.
561 4621 733 4671 Martiatense
752 4618 959 4672 ann1933-36.
996 4622 1059 4674 Cod.
1078 4625 1191 4675 Parisiu.
1212 4621 1285 4674 1240.
