3409 5384
729 526 963 591 -386-

256 694 433 747 Sohlulszeile
450 696 612 762 abgssohubt
629 699 671 747 ist
708 698 766 749 Nur
783 697 902 749 einzelne
921 697 1023 750 Stellea
1040 696 1198 747 schimmern
1217 712 1246 746 so
1264 697 1355 760 durch,
1380 698 1442 749 dass

256 765 301 816 die
327 764 497 815 Buohstabsn
526 764 594 815 noch
623 765 712 817 lesbar
741 767 810 817 sind·
856 762 1126 827 ,Tremefaotus“
1154 764 1225 815 steht
1253 766 1371 817 offenbar
1398 768 1442 817 fur

259 832 401 897 „Tremens
420 830 530 893 factur‘,
549 833 603 883 und
621 849 650 883 so
670 834 733 885 lirist
750 834 807 885 sieh
825 834 873 885 der
889 834 958 886 Text
974 835 1021 884 der
1038 840 1127 885 ersten
1146 833 1237 883 Zeilen
1254 836 1303 884 auf
1317 836 1376 887 dem
1394 836 1441 885 ab·

255 901 417 966 gesohabten
434 901 539 952 Folium
557 902 713 964 divinioren,
732 901 863 953 nimliohr
886 903 1062 965 „Tremens
1080 903 1194 953 faetus
1205 897 1294 993 psum
1312 920 1387 968 ego,
1408 910 1442 954 et

256 971 374 1030 timeo,
400 969 475 1020 dum
497 969 673 1021 discussio
696 973 828 1023 venerit
851 976 951 1037 atque
974 977 1118 1021 ventura
1141 966 1203 1031 iral
1227 988 1234 1033 3
1261 971 1309 1021 das
1331 974 1368 1023 ist
1393 972 1443 1023 der

256 1037 419 1104 liturgisohe‚
438 1039 511 1088 nieht
523 1038 569 1089 der
580 1040 746 1105 tropierende
758 1040 833 1101 Text,
853 1039 970 1090 weshalb
982 1038 1050 1089 auch
1062 1055 1111 1089 uua
1124 1039 1183 1089 dem
1195 1040 1299 1100 Repert
1312 1040 1441 1105 Hymnol.

256 1105 411 1157 chevaliers
437 1106 485 1157 des
503 1108 612 1157 Initium
638 1107 889 1173 „Tremsiaotus
908 1143 914 1157 .
935 1145 941 1157 .
960 1103 983 1157 .“
1000 1105 1057 1170 (Nr.
1075 1104 1176 1168 20543)
1194 1123 1227 1156 zu
1246 1108 1374 1159 streiohen
1392 1111 1439 1159 ist

256 1174 348 1225 Etwas
372 1176 461 1240 spiter
484 1173 573 1241 folgen
597 1175 640 1227 die
663 1178 755 1227 Worte
779 1177 847 1242 „Vix
869 1178 955 1227 iustus
980 1172 1158 1234 salvabitur“,
1182 1174 1237 1225 und
1260 1178 1327 1226 naoh
1350 1178 1440 1227 einem

256 1242 366 1294 kleinen
378 1243 517 1295 Intervall:
540 1244 685 1309 „Plangeut
703 1261 731 1295 se
750 1260 828 1309 super
846 1260 875 1295 se
892 1260 983 1295 omnes
1002 1245 1087 1294 tribus
1105 1250 1198 1304 terrae,
1217 1243 1292 1294 dum
1307 1248 1440 1296 veneris

257 1309 843 1379 iudieareseeoulumperignem]“.
882 1313 965 1368 Eoos.
1000 1313 1093 1362 breves
1112 1313 1225 1377 posuisti
1244 1312 1300 1363 dies
1318 1329 1388 1364 meos
1408 1315 1439 1364 et

256 1380 314 1428 vita
332 1395 400 1441 mea,
418 1383 495 1446 quasi
510 1396 564 1430 non
581 1382 624 1443 sii,
643 1383 671 1431 in
686 1388 828 1447 conspeetu
849 1386 912 1446 tu03
931 1383 1020 1432 omnia
1038 1381 1109 1430 enim
1121 1383 1238 1441 vanitas,
1256 1382 1439 1431 omnishomo

256 1449 351 1498 vivens
369 1452 472 1499 tantum
490 1450 519 1498 in
536 1450 652 1515 imagine
669 1450 796 1511 ambulat,
819 1454 922 1500 tantum
939 1451 1037 1499 frustra
1055 1450 1235 1507 conturbatur,
1255 1455 1398 1516 congregat
1416 1455 1441 1500 et

257 1515 370 1580 ignorat,
394 1518 437 1566 cui
455 1516 572 1567 dimittat
590 1532 630 1567 ea.
665 1519 743 1569 Nune
762 1534 832 1584 ergo,
857 1519 921 1582 quid
939 1522 1070 1583 exspecto,
1095 1517 1229 1567 Domine?
1264 1519 1441 1568 Praestolatio

257 1599 316 1634 mee
338 1590 367 1635 tu
389 1602 417 1635 es
441 1587 470 1635 in
492 1586 535 1635 die
553 1585 614 1647 illa,
638 1586 771 1652 quando
793 1586 880 1637 eaeli
905 1585 1061 1637 movendi
1084 1590 1160 1635 sunt
1182 1592 1215 1635 et
1240 1591 1337 1636 terra.
1354 1613 1390 1621 —
1409 1588 1441 1636 ln

257 1650 395 1703 iihnlioher
412 1653 504 1704 Weiss
521 1654 624 1720 bewegt
642 1655 699 1705 sioh
716 1656 759 1705 die
775 1655 940 1720 'l'ropierung
957 1669 1050 1714 vorren,
1069 1655 1147 1703 meist
1164 1656 1221 1703 rein
1239 1654 1383 1719 prosaiseh,
1403 1656 1437 1705 ab

257 1720 312 1770 und
329 1736 362 1771 zu
380 1724 429 1772 mit
446 1721 579 1772 Ausitaen
597 1738 656 1773 aum
674 1724 757 1773 Reim.
794 1724 832 1772 Zu
850 1724 973 1773 letzterer
990 1722 1039 1772 Art
1056 1722 1151 1786 gehbrt
1168 1722 1210 1772 die
1233 1723 1345 1788 Strophe
1365 1723 1442 1788 „Ar-

257 1788 378 1839 dentes
397 1786 548 1840 animae“
568 1796 625 1851 sto,
644 1792 691 1841 der
709 1794 757 1841 wir
774 1792 842 1843 oben
861 1792 902 1841 als
920 1793 972 1843 Str.
991 1787 1008 1840 3
1025 1792 1196 1855 begegneten.
1234 1792 1292 1841 Von
1309 1793 1442 1842 Interesse

258 1856 318 1907 aiud
337 1858 380 1909 die
399 1856 416 1907 2
433 1857 582 1924 folgenden,
601 1861 628 1909 in
646 1859 775 1926 gleiohem
794 1858 942 1925 Rhythmus
960 1860 1092 1925 gebauten
1110 1858 1255 1925 Strophen:

292 1960 367 2009 Tune
385 1959 504 2013 infernus
522 1963 660 2028 apparebit
909 1962 1065 2011 Lacrimosa
1082 1960 1139 2011 dies
1158 1961 1214 2019 illa,

292 2027 329 2077 Et
347 2028 485 2079 damnatos
504 2031 665 2090 absorbebit,
909 2031 969 2091 Qua
987 2032 1107 2094 resurget
1127 2029 1159 2078 de
1176 2028 1270 2079 favilla

292 2096 392 2163 Fulgur
410 2100 479 2162 ignis
498 2105 578 2165 atque
595 2115 696 2149 vermes
909 2097 1070 2148 iudicandus
1089 2097 1167 2147 homo
1186 2113 1260 2160 reus;

293 2164 477 2216 Trucidabunt
496 2172 656 2233 peccatores.
908 2167 950 2218 Tu
968 2168 1084 2231 peoeutia
1104 2180 1190 2230 paros,
1210 2168 1290 2215 Deus.

328 2232 446 2299 suscipe,
461 2236 583 2297 Domine,
596 2241 645 2291 eto.
654 2233 822 2299 (Prosaisoh).
944 2230 1054 2284 Creator
1065 2230 1185 2283 omnium
1197 2239 1246 2283 ete.
1257 2236 1316 2295 (wie
1329 2234 1358 2285 S.
1367 2230 1443 2298 385).

327 2335 447 2387 Letatere
465 2332 580 2402 Strophe
606 2340 641 2387 ist
663 2354 716 2387 von
734 2338 889 2403 Bedeutung
910 2337 952 2386 fiir
970 2336 1013 2385 die
1031 2336 1151 2400 Sequens
1171 2337 1269 2399 „Dies
1288 2332 1388 2386 irae¹‘.
1408 2362 1446 2371 -

259 2404 351 2467 Gegen
370 2404 475 2455 Sohluss
494 2406 583 2457 bilden
604 2404 617 2455 l
636 2406 788 2465 Distiohon,
810 2407 873 2455 eine
891 2404 1004 2470 Strophe
1022 2406 1051 2453 in
1068 2405 1225 2470 lieimprosa
1241 2404 1296 2454 und
1313 2402 1330 2453 2
1348 2405 1446 2469 rhyth-

260 2470 344 2520 misoh
362 2473 475 2537 gebaute
494 2473 625 2539 Strophen
643 2475 686 2525 die
703 2476 877 2539 Tropierung,
896 2472 1024 2523 nimlieh:

463 2575 558 2637 Pensa,
578 2573 708 2637 mortalis,
729 2579 793 2641 quia
809 2577 848 2625 nil
868 2582 929 2625 sunt
946 2575 1045 2641 gandia
1062 2572 1160 2636 earnis,

499 2646 573 2706 Quae
589 2647 711 2761 puisquis
729 2648 859 2709 sequitur,
880 2643 914 2693 ad
932 2644 1055 2693 tenebras
1073 2646 1178 2709 rapitur

531 2709 568 2761 Ia
607 2710 631 2763 ie
647 2710 699 2763 illa
716 2709 861 2773 tremenda,
882 2707 993 2775 quando
1011 2710 1079 2762 coeli
1096 2725 1129 2762 m.
1149 2724 1171 2761 a
1188 2714 1213 2762 et
1230 2713 1310 2762 terra.

464 2780 487 2831 Ο
506 2795 584 2844 quam
603 2781 662 2830 dira
679 2782 808 2842 eondioio,

465 2849 539 2910 Quae
557 2865 589 2899 ex
607 2850 680 2899 Adae
697 2852 764 2899 vitio

462 2917 518 2967 Nos
536 2917 667 2983 perdendo
685 2921 766 2969 traxit
785 2913 822 2983 [a]
842 2919 986 2983 primordio
1004 2915 1036 2968 ire
1056 2914 1100 2968 die
1117 2914 1168 2968 illa
1185 2924 1235 2968 eto.

292 3018 416 3069 Pretiosa
433 3034 503 3069 mors
521 3025 672 3071 sanctorum
910 3019 989 3081 Eoos,
1008 3021 1086 3070 vobis
1104 3020 1180 3069 trado
1198 3034 1316 3084 regnum,

328 3090 357 3137 in
375 3093 517 3153 oonspeetu
536 3090 651 3139 Domini.
944 3088 1013 3153 quod
1032 3089 1095 3138 dare
1112 3088 1240 3153 disposui.

293 3157 379 3217 Quam
397 3156 495 3217 felices,
514 3160 572 3221 quis
590 3157 692 3208 dicetur
908 3157 961 3206 Pro
980 3174 1021 3207 me
1039 3157 1144 3221 quidem
1163 3157 1303 3220 respuistis

328 3227 356 3272 in
374 3224 417 3273 die
435 3225 541 3275 iudioiiz
944 3225 1125 3275 blandimenta
1143 3224 1251 3284 saeculi,

291 3286 339 3357 [Ο]
356 3296 453 3353 venite,
471 3294 602 3344 benedieti
908 3294 1054 3351 Possidete,
1073 3294 1143 3358 quod
1162 3294 1268 3361 terreni·

327 3363 411 3423 patris
429 3365 524 3413 summi
542 3361 599 3411 filii.
944 3377 997 3411 non
1014 3362 1142 3413 videbunt
1159 3362 1238 3411 oouli.

623 3630 684 3687 784.
712 3630 809 3701 Super
827 3631 949 3701 „Media
966 3628 1064 3687 vita“.

345 3804 449 3863 Medio
470 3804 531 3863 vita
553 3807 586 3864 ia
607 3812 699 3866 morte
720 3823 832 3867 somus.
882 3806 972 3881 Quem
995 3805 1163 3877 quaerimus
1186 3805 1362 3878 adiutorem,

345 3890 406 3948 uisi
428 3895 463 3965 te,
487 3892 622 3969 Domine,
647 3893 698 3964 qai
715 3908 773 3964 pro
790 3892 919 3964 peccatis
941 3892 1049 3950 nostris
1071 3892 1146 3950 iuste
1167 3889 1327 3950 irasceris?

272 4026 301 4084 1.
326 4025 399 4097 Aeli,
888 4032 916 4087 2.
942 4028 1010 4098 Vae,

324 4113 430 4183 Homo,
454 4113 610 4184 perpende,
633 4110 754 4186 fragilis,
941 4112 1120 4173 calamitatis
1142 4112 1173 4169 in
1196 4112 1242 4170 die

325 4197 459 4254 Mortalis
482 4203 511 4253 et
533 4196 685 4274 instabilis,
941 4199 1054 4255 Vermis
1076 4196 1180 4255 fremet
1202 4195 1338 4270 invidiae,

325 4282 407 4354 Quod
430 4282 521 4339 vitare
544 4299 599 4339 non
624 4284 732 4358 poteris
941 4284 1015 4342 Dum
1039 4284 1120 4341 audit
1141 4281 1256 4340 flentem
1279 4281 1428 4343 animam:

325 4367 460 4440 Mortem,
484 4382 650 4439 quoeunque
671 4369 757 4445 ieris3
945 4369 1096 4444 „Mortalis
1120 4385 1211 4426 essem
1233 4366 1352 4443 utinam,

325 4451 399 4508 Nam
424 4448 518 4508 aufert
540 4462 568 4508 te
591 4454 765 4529 saepissime,
943 4456 1032 4525 Quom
1056 4455 1155 4511 mortis
1178 4453 1284 4512 Christi
1307 4452 1427 4524 gladius

325 4536 400 4594 Dum
424 4537 496 4595 vivis
518 4536 715 4599 libentissime.
942 4537 1114 4613 Transfixit3
1138 4538 1214 4596 absit
1236 4535 1383 4610 gravius.“

367 4622 474 4681 Sancte
496 4622 595 4681 Deos!
984 4624 1090 4682 Sancte
1111 4624 1215 4696 fortis!
