3409 5384
776 483 1004 546 -236-

370 655 492 706 Gention.
513 668 561 702 ms.
584 654 657 704 Petri
681 654 714 704 de
735 653 847 704 Medicis
868 651 1019 716 (Gallicum)
1042 667 1110 702 sace.
1137 648 1176 703 13.
1218 651 1281 703 Cod.
1308 651 1499 702 Laurentian.

301 723 342 774 Pl.
365 719 406 772 29.
433 719 456 772 l.
477 747 510 756 -
527 721 758 772 Wahrscheinlich
775 722 877 787 Tropus
902 737 962 770 num
979 722 1091 771 Versus:
1118 720 1251 786 „Arcum
1274 725 1440 770 conteret
1466 722 1503 768 et

301 790 495 855 confringet
512 804 603 842 arma
621 795 654 840 et
671 795 766 841 scuta
783 791 957 841 comburet
974 784 1062 856 ἰςῐιὶιί
1076 788 1130 850 (Pe.
1148 785 1189 850 44,
1211 785 1258 851 10),
1277 789 1329 839 den
1347 787 1394 837 ich
1407 787 1502 838 aller·

303 859 381 924 dings
399 859 439 910 uls
457 859 557 909 Versus
574 859 759 909 Alleluiaticus
778 859 853 908 nicht
870 857 1036 908 nuchweisen
1054 857 1134 907 kann.

720 1059 783 1115 ddi.
812 1059 870 1116 life
890 1059 1061 1116 Dominicis.

349 1204 364 1262 1
389 1201 502 1260 Memor
524 1201 567 1258 tui
589 1202 726 1259 creatoris
997 1200 1061 1260 -Sed
1072 1200 1103 1258 in
1114 1215 1166 1276 spe
1175 1197 1380 1272 firmesemper
1396 1199 1502 1256 nitere

431 1287 503 1345 Eius
526 1287 586 1346 vias
608 1287 638 1344 in
660 1286 763 1347 timore
940 1289 981 1348 20
1006 1287 1052 1346 Ad
1075 1285 1197 1359 petrium
1220 1300 1351 1359 pergere,

389 1373 471 1430 Intus
492 1379 522 1429 te
544 1368 649 1430 formes
672 1377 702 1428 et
723 1369 804 1445 foris,
1045 1373 1106 1446 Quo
1128 1370 1234 1444 iugiter
1255 1370 1385 1444 gaudeas

473 1456 578 1514 Doleas
1003 1459 1043 1518 Et
1066 1456 1194 1530 pondere

345 1546 363 1601 t
473 1543 525 1601 Pio
548 1543 647 1614 culpes
1004 1542 1163 1616 Languoris

432 1627 628 1686 Lacrimarum
651 1627 779 1700 liquore3
1047 1627 1152 1687 Cereus

472 1711 598 1771 Ferveas
942 1717 980 1775 25
1047 1712 1200 1772 Possideas

430 1797 548 1871 Amore,
1004 1800 1080 1872 Opes
1102 1797 1174 1855 lucis
1197 1811 1292 1858 verae.

430 1884 472 1943 Ut
493 1884 603 1956 gratiae
626 1883 662 1941 de
684 1898 749 1941 rore
1003 1885 1109 1956 Regem
1132 1881 1234 1940 summi
1256 1882 1369 1940 decoris

327 1969 366 2028 10
389 1968 473 2027 Mens
494 1967 589 2026 fidelis
611 1971 721 2045 floreat,
1046 1968 1190 2041 Aspicies,

390 2055 431 2115 Ut
454 2069 489 2110 ex
510 2052 568 2112 fide
591 2055 713 2127 prodeat
1046 2055 1094 2114 Ad
1117 2068 1199 2126 quem
1221 2059 1254 2110 ut
1275 2054 1446 2132 pervenies,

430 2138 560 2198 Fructus
579 2140 685 2212 operis.
941 2141 981 2200 30
1046 2140 1171 2198 Lucrum
1193 2137 1247 2196 tibi
1270 2136 1369 2207 facies,

432 2224 543 2281 Veteris
1048 2224 1170 2284 Sedulus
1191 2223 1335 2282 custodias

388 2309 430 2368 Te
452 2310 560 2381 pudeat
1047 2309 1107 2370 Soli
1133 2309 1194 2367 vias

326 2394 364 2452 15
387 2393 481 2470 Vitae,
504 2412 578 2455 nova
600 2396 722 2467 placeat.
1047 2395 1155 2454 Virtuti
1178 2395 1300 2467 pervius,
1348 2427 1353 2432 -

319 2521 323 2531 .
387 2479 519 2539 Lebilem
541 2485 632 2538 rotem
656 2480 762 2539 erroris
1040 2481 1086 2540 .Ut
1109 2479 1161 2554 sic,
1185 2479 1277 2552 homo,
1301 2495 1351 2538 vae
1374 2477 1429 2539 fies

431 2565 573 2624 Providus
596 2582 698 2625 caveas
941 2569 980 2627 35
1004 2565 1146 2626 Honorio.

432 2650 527 2722 Sequi,
550 2667 587 2708 ne
609 2667 728 2728 perees3

371 2783 486 2847 Flauius,
510 2784 557 2834 Nr.
573 2785 670 2835 LXIV.
689 2811 720 2819 -
739 2782 757 2835 4
774 2785 882 2836 Doleas.
899 2809 933 2819 —
951 2783 966 2835 7
985 2785 1107 2836 Fervens.
1126 2811 1161 2818 -
1177 2783 1361 2834 Anecheinend
1379 2785 1492 2850 Tropus

303 2851 370 2901 iiber
387 2851 438 2901 den
454 2852 535 2902 Vers:
561 2853 646 2918 „Ego
671 2855 769 2916 quasi
790 2855 877 2903 vitis
894 2853 1108 2903 fructificavi
1126 2855 1337 2903 suavitatem
1355 2853 1492 2914 odoris,

304 2923 338 2969 et
355 2918 462 2970 flores
480 2922 544 2970 mei
562 2922 694 2972 fructus
712 2919 862 2971 honoris
879 2927 911 2972 et
927 2917 1150 2972 honestatis“.
1185 2920 1278 2985 (Eccli.
1296 2917 1337 2982 24,
1357 2911 1409 2984 23).
1438 2923 1492 2973 Ais

305 2989 393 3037 einem
415 2989 642 3040 (indual-Versus
666 2991 713 3041 bin
736 2989 780 3039 ich
804 2990 947 3054 allerdings
972 2990 1069 3040 diesem
1093 2991 1191 3040 Versus
1215 2990 1319 3054 bislang
1342 2989 1419 3040 nicht
1442 2993 1491 3042 be·

303 3061 409 3121 gegnet.
426 3083 461 3092 -
477 3060 542 3107 Man
565 3058 688 3118 beachte‚
712 3058 771 3108 dass
795 3060 839 3108 ein
857 3059 1000 3109 Reimwort
1017 3058 1065 3108 auf
1079 3057 1218 3109 honoris
1236 3057 1318 3109 durch
1337 3057 1381 3109 die
1400 3074 1490 3125 gance

304 3124 441 3192 Dichtung
458 3125 645 3176 wiederkehrt:
662 3127 729 3177 Vers
749 3123 771 3187 1,
790 3122 815 3187 3,
836 3123 875 3187 16,
895 3122 936 3187 23,
956 3124 996 3187 27,
1015 3122 1056 3177 35.

608 3327 670 3384 458.
700 3329 736 3382 In
753 3327 923 3385 Nutiritute
941 3328 1058 3385 Beetee
1076 3329 1117 3386 tt.
1136 3330 1172 3387 V.

658 3469 685 3530 1.
709 3467 860 3526 Trinitatis
882 3468 974 3541 glorie

710 3561 824 3611 resonet
846 3559 954 3628 nostra,

711 3654 824 3711 semper
846 3638 931 3697 simul
951 3639 1064 3712 agmine

711 3725 876 3796 angelorum
899 3725 1006 3782 caelica

712 3810 803 3951 digddt
819 3808 882 3952 lDeo
904 3810 1025 3883 cantica,

804 3910 891 3958 euru.

302 4000 358 4057 2e.
388 3996 521 4054 Humane
543 4000 655 4066 nature,
918 3996 974 4058 21).
1001 3996 1043 4056 Ut
1066 4002 1167 4054 cuncta
1188 3996 1298 4055 retexet

387 4082 507 4154 proprie
527 4081 636 4138 scelere
1004 4081 1115 4154 potenti
1138 4081 1239 4154 gratia,

387 4164 542 4239 flagitando
565 4166 666 4223 sedule
715 4191 721 4203 ¹
1003 4167 1051 4239 qni
1074 4167 1184 4226 creavit
1204 4167 1298 4233 omnia

389 4251 486 4309 divina
511 4246 584 4329 [sue]
608 4251 761 4310 clementia
1002 4253 1208 4360 regnansxsine
1230 4251 1287 4310 fine
1304 4268 1359 4325 per
1375 4257 1490 4320 suecis.

303 4372 358 4431 3a.
387 4370 518 4431 Omnium
918 4369 974 4432 3b.
1000 4372 1146 4430 Virtutum

341 4464 344 4469 ’
387 4455 567 4529 splendidior
589 4455 692 4516 merito
1002 4456 1123 4529 pulchre
1145 4473 1175 4514 es
1199 4472 1294 4515 eorem
1318 4473 1435 4522 summo

654 4579 683 4634 4.
707 4572 842 4636 Domino.
