3409 5384
776 509 1005 574 -318-

584 745 645 802 titi.
673 745 833 802 Domtnlco
850 745 905 804 111.
926 744 1193 821 quadragesimae.

303 897 358 956 le.
391 894 530 971 Ecclesia,
554 894 689 968 Domine,
919 895 974 958 11).
1003 897 1041 954 Et
1064 897 1124 953 eius
1147 910 1246 967 preces
1269 894 1325 952 tuis

388 980 547 1053 depreceris
567 982 681 1057 rogitat,
1003 989 1088 1054 eptae
1110 979 1169 1038 sint
1190 979 1289 1040 oculis.

261 1071 263 1076 .
303 1101 357 1160 2o.
388 1101 464 1171 Ques
487 1116 549 1158 cum
574 1100 676 1158 devote
917 1099 973 1160 2b.
998 1100 1097 1158 Mente
1120 1105 1149 1156 et
1172 1099 1266 1157 cordis

388 1187 500 1245 tibimet
522 1187 608 1244 hodie
1005 1185 1189 1243 meditatione

388 1272 542 1344 supplicet,
1005 1269 1143 1343 deposcit,

304 1391 368 1473 11))κ
387 1390 428 1450 Ut
449 1390 513 1462 ipse
921 1390 977 1454 31).
1006 1391 1070 1451 Une
1093 1404 1155 1446 cum

389 1476 519 1533 laurento
541 1475 661 1548 hymnos
683 1473 736 1532 tibi
1006 1474 1135 1533 coetibus
1157 1473 1322 1548 angelorum
1344 1475 1374 1530 in

389 1561 512 1620 reddere
536 1561 630 1621 voleat
1006 1559 1176 1618 caelestibus
1198 1575 1317 1630 semper.

310 1768 313 1775 ,
373 1721 451 1786 Trop.
478 1737 526 1770 ms.
553 1720 766 1770 Emmeramenee
792 1723 855 1770 enni
885 1716 1027 1772 1024-36.
1069 1720 1135 1771 cim.
1159 1720 1296 1770 Monacen.
1326 1715 1428 1770 14322.
1454 1746 1487 1755 -

306 1786 358 1848 la,
385 1787 397 1838 1
423 1791 536 1840 Domine
554 1791 622 1839 Iesu.
641 1816 675 1826 -
692 1786 744 1849 221,
769 1785 786 1838 2
809 1789 888 1840 hodie
910 1788 983 1840 fehlt.
1003 1814 1036 1823 -
1054 1787 1180 1838 Initialen
1203 1802 1289 1851 genau
1313 1790 1365 1838 wie
1389 1791 1420 1837 in
1443 1787 1488 1836 der

304 1859 353 1908 Hs.
378 1882 411 1892 —
435 1847 613 1908 llberechrift:
641 1853 835 1923 „Sem-per“.
854 1887 888 1894 -
911 1859 966 1908 Der
988 1859 1056 1907 Text
1078 1856 1123 1906 des
1148 1852 1172 1906 2.
1195 1857 1293 1906 Versus
1318 1873 1381 1906 num
1407 1856 1488 1908 Offer-

304 1927 401 1976 torium
419 1925 516 1976 luutet:
540 1927 582 1977 Et
600 1931 699 1976 erunt
716 1931 752 1976 ut
769 1926 1005 1991 complaceant
1023 1925 1163 1990 eloquia
1181 1925 1252 1974 orie
1270 1927 1334 1976 mei
1353 1926 1390 1974 in
1410 1941 1488 1975 con-

305 2000 426 2059 spectu
450 2000 507 2044 tuo
530 2007 685 2060 sem-per.

517 2212 580 2269 ere.
608 2211 743 2268 saroam
762 2211 795 2267 m
812 2171 911 2269 neor.
931 2213 986 2267 111.
1006 2212 1272 2288 ouamagesrmae.

771 2363 798 2424 1.
821 2362 976 2422 Iniustitio

308 2485 363 2542 2),
394 2482 492 2554 Longe
514 2481 551 2539 sit
573 2498 591 2539 a
611 2488 708 2553 terre3
925 2480 981 2541 2b.
1009 2480 1063 2551 Qui
1086 2481 1209 2538 omnium
1232 2479 1292 2538 vito

393 2566 500 2640 largire
523 2566 652 2638 dignere,
675 2581 744 2624 vern
1009 2582 1039 2623 ee
1062 2571 1091 2622 et
1113 2566 1190 2623 salus
1212 2565 1404 2641 sempiterna,

309 2688 364 2746 Se.
393 2685 556 2758 Disponene
578 2684 683 2754 omnia,
876 2705 880 2722 ·
924 2684 981 2746 eb.
1007 2684 1117 2760 Infima,
1142 2684 1258 2762 coelice,

392 2787 506 2845 supere,
530 2769 632 2838 medie,
1009 2776 1114 2846 terrea,
1138 2769 1233 2828 omnic

308 2895 362 2952 4o.
393 2889 557 2949 Novissime
922 2889 980 2952 4b.
1007 2890 1127 2963 Semper
1147 2889 1205 2965 pie,

393 2983 423 3033 et
447 2975 617 3048 nequissima
1008 2990 1121 3048 semper
1143 2974 1267 3052 placide,

529 3069 532 3081 '
772 3065 800 3122 5.
822 3061 959 3121 Domine.

375 3217 455 3280 Trop.
480 3231 527 3265 mo.
552 3213 780 3264 Heidenhemenee
804 3220 871 3264 saec:
892 3212 932 3264 11,
968 3213 1269 3266 mumurantem.
1295 3227 1379 3278 supra
1398 3211 1442 3264 21.
1461 3239 1493 3247 -

308 3281 357 3344 21),
376 3281 389 3334 l
409 3285 461 3345 Qui
479 3299 516 3334 ee.
535 3309 565 3317 -
586 3279 632 3342 21),
650 3280 667 3332 2
682 3299 710 3333 es
723 3283 796 3332 fehlt.
809 3310 842 3320 -
853 3281 903 3343 4b‚
925 3281 936 3332 1
951 3283 1004 3332 und
1016 3280 1032 3332 2
1044 3283 1088 3348 pie
1100 3281 1154 3332 und
1166 3281 1271 3347 placide
1282 3282 1449 3346 umgestellt.
1462 3307 1494 3317 -

306 3353 364 3403 Der
380 3354 506 3416 tropierte
524 3349 548 3401 2.
560 3352 659 3400 Versus
677 3351 773 3400 lautet:
795 3351 965 3415 „Cognovi
987 3351 1141 3412 Domine,
1161 3352 1241 3414 quie
1258 3351 1427 3414 aequitas
1445 3351 1493 3399 iu·

308 3421 401 3471 dicia
419 3425 489 3482 tue3
516 3425 549 3471 et
565 3422 599 3468 in
616 3421 768 3470 veritate
786 3425 844 3469 tua
861 3419 1060 3469 humiliasti
1077 3435 1139 3480 me,
1156 3425 1193 3468 ut
1210 3433 1274 3468 non
1295 3417 1495 3468 dominetur

309 3492 418 3539 omnio
441 3485 641 3539 iniustitia.
667 3484 832 3537 Domine“.
857 3511 891 3522 -
913 3487 1114 3553 Entsprechend
1137 3487 1195 3537 dem
1220 3483 1391 3551 „iniustitia“
1419 3489 1494 3538 Reim

308 3559 358 3606 auf
372 3568 404 3616 a,
428 3557 482 3606 und
499 3559 529 3647 ill
544 3554 584 3606 41)
603 3558 651 3606 aul
666 3567 696 3615 e,
721 3555 912 3621 entspreohend
930 3556 989 3606 dem
1010 3551 1165 3620 „Domine“.
1184 3581 1217 3589 -
1234 3555 1290 3604 Vor
1307 3554 1368 3604 dem
1389 3556 1494 3621 Tropus

309 3626 391 3674 stelit:
412 3626 514 3689 „Verba
533 3663 539 3676 .

522 3844 584 3899 829.
612 3843 746 3900 Subbuto
766 3842 798 3898 ln
815 3844 912 3900 Hebd.
933 3843 988 3898 ΠΙ.
1008 3842 1273 3918 Quadregesimae.
1319 3911 1324 3928 „

773 3997 801 4053 1.
823 3993 987 4067 Intestina,

312 4116 366 4172 2a.
397 4110 551 4170 Gehennee
573 4112 675 4190 vicino,
925 4113 980 4173 21),
1011 4111 1076 4170 Tibi
1099 4109 1267 4169 famulantia

397 4213 469 4269 quoe
492 4197 619 4256 fidelium
641 4206 760 4270 pectore
1011 4197 1129 4255 deducit
1150 4197 1188 4255 ad
1210 4192 1336 4256 inferno.

313 4318 369 4376 3e.
400 4315 457 4374 Sed
472 4322 513 4387 to,
537 4333 598 4391 rex,
613 4316 752 4374 iustorum
768 4317 869 4390 gloria,
926 4317 979 4376 3b.
1009 4316 1093 4373 Solve
1127 4320 1287 4372 nostrorum
1310 4315 1484 4387 peccamine

313 4437 367 4496 la.
398 4437 440 4496 Ut
460 4435 600 4507 possimus
928 4435 983 4495 4b.
1011 4434 1203 4492 Devotissima

398 4535 510 4578 sumere
530 4526 625 4578 mente
1012 4527 1061 4577 tue
1084 4525 1183 4579 sancte
1205 4517 1321 4594 pasche,

774 4612 801 4665 5.
825 4606 964 4668 Domine.
