3409 5384
285 709 289 720 ¹
323 705 353 763 2.
376 701 429 760 Est
451 702 518 758 mibi
542 718 663 774 namque
684 703 757 760 mori
780 704 900 773 lucrum,
924 711 968 760 est
991 703 1059 761 mibi
1082 702 1179 760 vivere
1202 701 1342 775 Christus,

436 783 503 849 qreia
517 787 617 849 puteas
636 787 674 834 est
692 781 841 848 depositam
860 799 946 835 reram
963 797 1072 835 serame

318 858 347 914 3.
371 857 466 927 Atque
488 872 566 912 meos
589 857 702 913 salvare
725 873 824 928 greges
847 875 865 913 a
888 862 979 913 morte
1001 856 1120 928 perenni

436 935 563 988 inillam
581 935 650 988 diem
667 937 757 988 iustas
776 935 866 989 iodea.

283 1075 365 1139 Trop.
390 1091 436 1124 ms.
460 1077 645 1125 Wintoniense
670 1089 738 1125 saec.
765 1072 803 1125 10.
831 1092 871 1125 ex.
908 1076 972 1127 Cod.
990 1075 1118 1126 Oxonien.
1136 1076 1211 1127 Bodl.
1232 1073 1289 1126 775.
1308 1076 1340 1127 Α.
1361 1101 1394 1108 -

207 1141 370 1261 Ξῖτὲρ.Βιηε.
395 1145 578 1222 Wintoniense
602 1159 669 1194 saec.
695 1143 734 1193 11.
771 1144 834 1194 Cod.
859 1145 960 1209 Colleg.
979 1145 1056 1210 Corp.
1077 1146 1175 1195 Christi
1195 1145 1393 1209 cantebrigien.

616 1347 678 1402 321.
707 1348 742 1401 ln
758 1346 862 1402 suncti
880 1347 981 1402 Pauli.

321 1490 349 1549 1.
375 1486 529 1545 Gentilium
554 1488 654 1545 doctor
677 1494 706 1544 ot
728 1489 803 1545 sacri
826 1489 978 1561 spermatis
1001 1497 1102 1546 auctor

376 1573 514 1631 Caelestis
537 1575 616 1647 regni
641 1573 676 1629 de
699 1590 750 1645 spe
773 1572 896 1631 confisus
919 1574 1029 1634 aiebat:

438 1653 510 1719 Seio,
529 1653 574 1707 eat
592 1652 702 1716 credidi,
720 1659 744 1706 et
761 1658 848 1707 certas
867 1670 926 1705 sam

322 1731 351 1787 2.
375 1726 500 1800 Mystica
522 1743 575 1798 pro
598 1727 707 1784 meritis
729 1728 798 1784 mibi
822 1728 945 1786 reddere
969 1728 1044 1785 dona
1066 1727 1177 1797 salutis,

439 1807 505 1872 qaia
519 1811 615 1873 potem
633 1811 673 1858 est
690 1806 843 1874 depositura
861 1823 945 1859 meam
964 1823 1071 1860 seruare
1088 1808 1119 1859 ia
1136 1806 1213 1859 ellam
1231 1806 1306 1870 dian,

321 1883 349 1942 3.
374 1881 591 1939 Praemiacum
615 1881 707 1937 doctis
729 1880 901 1956 tribuentur,
926 1887 1037 1938 tartara
1058 1881 1172 1952 stultis3

437 1961 529 2013 iustas
545 1960 634 2013 ladem

285 2099 367 2162 Trop.
390 2115 438 2148 ms,
456 2100 640 2149 Wintonienre
665 2115 733 2149 saec.
758 2096 798 2149 10.
823 2115 863 2149 ex.
904 2099 968 2150 Cod.
986 2099 1114 2149 Oxonien.
1138 2099 1215 2149 Bodl.
1235 2096 1293 2148 775.
1310 2099 1342 2148 A.
1360 2124 1393 2133 -

208 2168 297 2232 Trop.
321 2183 369 2216 ms.
388 2168 572 2217 Wiutoniense
596 2183 664 2217 saec.
690 2166 728 2216 ll.
765 2168 828 2218 eod.
848 2168 948 2233 Colleg.
966 2168 1044 2232 (lorp-
1063 2170 1098 2217 Xi
1113 2168 1316 2232 cantabrigiam.
1335 2163 1394 2216 473.

208 2237 407 2354 ξὶὃέωἶτᾶρ.
432 2252 479 2309 mn.
500 2236 755 2300 Sammaglorianum
780 2251 847 2286 saec.
870 2233 908 2285 12.
949 2236 1145 2285 Cod.'Parlaiu.
1166 2231 1261 2285 13252.
1281 2234 1309 2285 C.
1326 2232 1395 2284 --2

549 2437 612 2492 330.
639 2437 674 2491 ln
693 2438 899 2493 Conuersione
917 2455 943 2493 a.
962 2438 1064 2494 Pauli.

1001 2539 1017 2562 S

323 2580 353 2637 1.
376 2579 559 2650 Terrigenae,
585 2595 647 2636 cum
672 2582 814 2637 caelicolis
837 2597 891 2652 pro
914 2581 1045 2653 principe
1068 2581 1157 2638 Paulo

440 2656 614 2712 Gaudeamus
633 2673 724 2713 amans
743 2661 774 2711 ia
793 2659 926 2725 Domino,

322 2733 351 2790 2.
377 2731 461 2789 Cuius
484 2734 512 2790 in
536 2733 589 2790 boc
611 2743 668 2790 tam
692 2734 763 2790 mira
785 2735 829 2790 sui
852 2734 997 2792 miserat-io
1021 2732 1119 2808 fulget,

439 2811 507 2864 diem
525 2814 624 2879 festam
642 2813 801 2866 celebrantes
819 2815 870 2866 sab
888 2815 988 2866 bonore
1008 2815 1078 2867 beati

438 2878 523 2933 Pauli
541 2883 667 2948 apostoli,
686 2881 717 2932 de
736 2882 815 2933 naias
834 2883 1004 2936 conversione
1020 2881 1139 2950 aaadeat
1156 2881 1254 2949 ananeli,

321 2953 350 3012 3.
374 2953 477 3011 Omnes
500 2971 551 3011 nos
574 2956 658 3011 elliam
682 2963 789 3026 gerulos,
813 2957 916 3026 quibus
938 2957 1048 3013 exstitit
1070 2964 1179 3025 auctor,

439 3037 463 3084 et
481 3034 640 3088 collaudant
658 3035 746 3102 filiam
764 3034 825 3086 Dei.

283 3172 365 3236 Trop.
389 3189 434 3222 ms.
455 3174 709 3238 Sammuglorianum
729 3191 797 3224 saec.
818 3173 857 3223 12.
894 3176 958 3226 Cod.
976 3176 1088 3224 Parisin.
1110 3171 1205 3224 13252.

627 3376 689 3432 331.
717 3377 752 3431 In
771 3377 872 3432 suncti
890 3375 989 3432 Petri.

330 3517 359 3574 1.
382 3517 521 3589 Angelico
545 3515 635 3575 fretus
658 3519 731 3575 dixit
754 3519 908 3575 munimine
931 3521 1048 3577 Petrus:

440 3595 525 3650 Nurac
542 3598 598 3650 scio
615 3613 682 3663 oere,
700 3599 767 3664 qaia
786 3599 861 3651 vuisit
879 3598 916 3652 D.
936 3598 1062 3666 abaciam
1080 3613 1168 3660 suarna

218 3741 281 3798 2a.
307 3736 371 3793 Lux
393 3737 521 3798 iustitiae
835 3740 892 3801 ab.
920 3737 1069 3795 Liberavit
1091 3752 1137 3798 me

304 3837 350 3877 me
371 3818 546 3883 illuminavit
919 3826 1045 3881 salvator
1067 3840 1146 3881 meus
1170 3823 1207 3883 de

305 3912 334 3964 et
357 3906 530 3969 decernere
918 3926 1004 3966 manu
1027 3905 1139 3968 cruenti

305 3987 407 4052 eduxit
917 3990 1083 4067 praedonis,

305 4077 330 4124 et
347 4073 447 4139 eripait
464 4089 511 4136 nee,
918 4073 950 4125 de
966 4090 1051 4126 nnana
1070 4072 1189 4126 Herodis

584 4192 609 4246 3.
627 4193 665 4244 Et
683 4193 715 4246 ele
732 4193 806 4244 orlei
824 4193 1028 4259 respectatioae,

631 4273 691 4336 Qua
715 4283 758 4322 mo
782 4267 974 4323 circumdedit

629 4353 749 4410 concilio
772 4353 879 4428 iniquo,

625 4431 711 4499 plebis
729 4431 902 4485 ludaeorum.

288 4570 367 4633 Trop.
394 4587 440 4620 ms.
458 4572 630 4620 Martialense
654 4574 715 4621 anni
740 4567 868 4621 933—36.
904 4572 967 4621 Cod.
986 4573 1100 4621 Parisin.
1126 4568 1200 4621 1240.
1217 4573 1248 4619 A.
1267 4596 1300 4603 -
1318 4571 1397 4635 Trop.

212 4655 264 4688 ms
285 4638 474 4690 Wintoniensc
492 4654 559 4689 saec.
583 4638 622 4688 11.
657 4640 721 4690 Cod.
740 4640 806 4689 Coll.
826 4640 904 4704 Corp.
920 4641 1019 4690 Christi
1033 4641 1229 4704 cantabrigiam
1247 4634 1306 4688 473.
1319 4640 1349 4687 B.
1363 4668 1398 4675 -
