3409 5384
728 454 874 517 -299
922 492 959 502 -

356 629 386 687 3.
409 627 495 685 Nune
517 627 583 699 quia
605 626 748 698 praeclari
771 643 942 684 veneramur
964 625 1039 683 festa
1060 627 1184 700 petroni,
1251 669 1254 676 .

460 708 572 760 Bonum
589 711 628 759 est
647 706 767 772 confiteri
777 705 898 760 Domino
920 710 944 758 et
958 707 1077 773 psaltere
1095 708 1202 760 nomini
1220 712 1275 774 tuo,
1292 707 1431 774 altissime,

354 784 386 841 4.
410 780 527 838 Viribus
548 780 578 836 in
601 781 670 837 totis
694 781 866 837 currendum
891 787 943 852 est,
968 781 1055 839 corde
1077 797 1178 838 sereno

461 858 499 912 ud
516 859 743 912 amnuntiandum
760 876 839 912 mune
856 859 1068 913 misericordiane
1084 866 1160 914 tuoni
1178 869 1226 914 ete.

356 938 385 993 5.
408 933 450 993 Ut
470 934 557 991 deeus
580 940 624 990 est
646 935 768 1008 palmae,
792 935 834 990 sie
856 935 946 991 iustus
970 934 1096 1006 germine
1118 934 1240 1006 pulchro

456 1014 602 1081 plantatus
620 1014 652 1065 in
670 1012 747 1068 domo
765 1012 890 1077 Domini,
908 1014 939 1065 in
957 1013 1040 1066 atriis
1058 1013 1153 1066 doinus
1171 1013 1226 1067 Dei
1243 1012 1339 1068 nostri.

324 1169 407 1234 'l‘rop
431 1186 480 1219 ms.
501 1171 723 1234 Mogontinumid)
747 1172 810 1219 anni
834 1167 961 1221 955—62.
999 1170 1060 1220 Cod.
1083 1171 1230 1221 Londinen.
1248 1171 1314 1221 ndu
1334 1166 1432 1221 19768.

237 1237 280 1290 A.
301 1265 343 1273 —
359 1239 440 1302 Trop.
458 1254 506 1288 ms.
524 1240 658 1303 Augiense
678 1254 747 1289 saec.
767 1235 807 1288 10.
836 1239 900 1289 Cod.
912 1240 1085 1304 Bambergen.
1097 1239 1139 1289 Ed
1151 1241 1183 1289 V.
1201 1237 1225 1289 9.
1237 1241 1267 1288 Β.
1286 1267 1322 1273 -
1338 1236 1433 1289 2t'ohlt

235 1309 277 1355 B.
297 1333 341 1340 —
358 1307 422 1356 Man
440 1307 493 1371 vgl.
512 1306 555 1357 die
573 1307 787 1372 vorhergehende
805 1308 859 1356 und
878 1307 920 1358 die
937 1307 1059 1374 fulgendo
1077 1310 1210 1359 Nummer.

560 1574 622 1631 578.
652 1574 687 1629 In
705 1588 731 1630 s.
752 1575 897 1630 Iohannis
918 1574 1142 1642 Evangelistae.
1203 1637 1204 1640 Ἴ

354 1736 384 1798 1.
407 1734 488 1808 Quod
512 1734 627 1810 Domini
649 1751 733 1791 oarus
755 1734 870 1812 meruit,
893 1735 1049 1806 psallamus
1072 1739 1206 1793 ovanter:

462 1814 559 1867 Iustus
576 1819 606 1867 ut
619 1814 720 1881 poinia
738 1814 848 1885 florebit,

357 1893 386 1950 2.
410 1888 536 1962 Mystiea
557 1889 607 1960 qui
629 1887 730 1944 summi
753 1902 840 1945 verax
865 1889 1081 1959 deprompserat
1104 1889 1185 1964 orbi3

461 1968 533 2022 sinit
551 1967 655 2030 cedrus,
673 1967 790 2032 quaein
806 1966 915 2021 Libano
935 1971 982 2032 est,

359 2044 389 2102 3.
412 2040 498 2099 Cuius
520 2057 572 2098 nos
594 2039 684 2098 iacias
706 2041 857 2118 iuvamina
884 2041 1006 2116 Christe,
1030 2041 1136 2116 valere,

462 2120 696 2186 multiplicabitur.

355 2197 386 2254 4.
409 2194 493 2252 Nune
514 2195 581 2265 quia
603 2195 745 2266 praecelsi
766 2209 936 2252 veneramur
960 2191 1035 2252 festa
1056 2195 1180 2266 patroni,

461 2275 572 2327 Bonum
589 2279 628 2326 est
646 2274 767 2340 confiteri
780 2272 905 2327 Domino
923 2279 947 2326 et
960 2273 1077 2341 psaltere
1094 2274 1200 2326 nomini
1216 2278 1272 2340 tuo,
1291 2275 1431 2344 altissima

358 2351 388 2409 5.
409 2347 553 2417 Carmina,
577 2349 701 2422 Christe,
724 2347 778 2405 tibi
801 2349 929 2404 canimus
952 2348 1121 2420 praedulcia
1144 2348 1229 2421 digne

461 2427 499 2480 ud
517 2428 744 2550 auxentinndum
761 2443 839 2480 mane
858 2427 1071 2481 misericordium
1083 2432 1161 2479 tuom
1174 2433 1197 2479 ei
1209 2429 1347 2483 oerdatem
1357 2435 1433 2483 mom

456 2513 507 2563 per
523 2513 560 2550 no
586 2512 634 2548 ern.

355 2574 385 2630 6.
409 2570 450 2641 Ui
473 2571 559 2628 deous
583 2578 626 2626 est
648 2570 771 2641 palmae,
795 2570 837 2626 sie
859 2569 951 2627 iustus
974 2569 1102 2641 germine
1122 2570 1242 2641 pulchro

457 2651 605 2717 plantatus
623 2650 656 2701 in
673 2649 753 2703 domo
770 2649 896 2713 Donu'ni,
917 2649 948 2700 in
966 2649 1046 2702 atriis
1066 2649 1160 2702 domus
1178 2649 1233 2702 Dei
1249 2650 1347 2702 nostri.

323 2809 403 2872 'Prop
431 2824 479 2856 ms.
503 2809 690 2858 Wintoniense
715 2824 783 2857 saec.
803 2805 843 2858 10.
869 2823 908 2857 ex.
944 2807 1008 2857 Cod.
1032 2807 1160 2857 Oxonien.
1180 2807 1254 2857 Bodl.
1273 2803 1330 2857 775.
1349 2808 1381 2859 Α.
1399 2835 1433 2842 -

247 2876 337 2941 Trop.
356 2891 405 2926 ms.
422 2877 607 2926 wintoniense
626 2891 695 2926 saec.
714 2872 755 2924 11.
789 2875 851 2925 Cod.
872 2875 938 2924 Coll.
958 2877 1035 2939 Corp.
1049 2877 1149 2926 Christi
1162 2876 1360 2942 Cantabrigien.
1372 2873 1432 2928 473.

249 2947 288 2994 Β.
307 2971 342 2980 -
353 2946 432 3009 Trop.
449 2960 497 2995 ms.
511 2945 697 2996 Glastoniense
714 2943 736 3007 (t
748 2942 950 3007 cantuariense)
968 2959 1035 2994 saeo.
1057 2941 1095 2994 11.
1109 2960 1149 2994 ex.
1161 2946 1197 3006 [et
1210 2941 1260 3006 12.)
1286 2945 1350 2995 Cod.
1363 2947 1432 2994 Lon-

246 3014 344 3062 dindn„
357 3012 440 3078 Calig.
458 3014 481 3062 Α
493 3014 564 3063 ΧΙ7.
585 3014 613 3063 C.
633 3039 667 3047 —
678 3013 758 3078 Trop.
777 3029 825 3061 ms.
839 3013 1014 3062 Vedastinum
1033 3028 1101 3062 saee.
1122 3010 1161 3061 11.
1189 3014 1253 3064 Cod.
1264 3014 1432 3064 Cameracen.

248 3078 290 3131 76
306 3078 367 3144 (75).
385 3083 418 3130 Ι).
436 3071 503 3130 -'1
522 3087 632 3131 ovantes
649 3083 682 3131 D.
701 3109 736 3115 —
753 3078 769 3131 2
788 3082 860 3130 orbis
874 3081 901 3130 C.
920 3109 954 3115 -
972 3077 1106 3131 3Christo
1124 3081 1230 3132 valente
1242 3082 1296 3132 CD.
1315 3109 1350 3116 —
1367 3080 1433 3133 6Ut

246 3150 336 3200 decus
354 3155 395 3200 est
411 3151 489 3215 plane
507 3152 546 3199 sie
563 3153 642 3200 iustis
662 3151 692 3199 C.

647 3387 710 3442 579.
737 3388 773 3441 In
791 3387 892 3443 saneti
910 3386 1034 3442 Iuliani.

357 3543 386 3602 1.
406 3543 536 3617 Lumine,
560 3560 620 3621 rex,
645 3547 731 3603 rutilo
754 3546 896 3604 Iulianum
919 3543 1093 3618 clarificasti,

463 3623 599 3688 Posuisti,
618 3624 746 3691 Domine,
764 3626 795 3678 in
813 3626 902 3693 cupite
921 3626 980 3678 eius
999 3639 1125 3679 eoronam
1144 3624 1175 3679 oie
1193 3623 1283 3692 lupide
1296 3625 1431 3691 pretioso;

357 3701 387 3757 2.
411 3698 538 3758 Crimina
559 3706 667 3771 nostra,
694 3701 780 3763 Deus.
805 3701 939 3771 precibus
962 3700 1054 3772 pellas
1076 3699 1199 3770 Iuliani3

460 3779 544 3831 nitunt
558 3779 640 3846 petiit
656 3797 675 3832 u
693 3784 717 3833 te
734 3785 758 3832 et
776 3780 898 3834 tribuisti
916 3780 947 3834 ei.

323 3937 404 4001 Trop.
425 3951 474 3986 ms.
487 3938 516 3988 S.
530 3938 640 3987 Martini
652 3938 881 4002 Maeotaeensisiii
893 3954 960 3990 saee.
974 3933 1041 3989 ³⁰i11.
1064 3937 1127 3988 Cod.
1137 3938 1258 3987 Vatican.
1268 3937 1361 4002 Regin.
1373 3931 1433 3985 222.

663 4173 726 4231 580.
755 4175 791 4229 In
809 4176 909 4230 saneti
927 4176 1015 4232 Iusti.

355 4330 386 4391 1.
408 4331 542 4402 Praemia
564 4348 617 4403 pro
636 4317 749 4389 inentis
772 4334 821 4405 qui
843 4335 950 4391 sanetis
973 4335 1060 4406 digna
1083 4330 1226 4409 rependis,

460 4410 596 4475 Posuisti,
608 4411 737 4476 Domine,
749 4413 781 4463 in
793 4413 879 4479 cupite
891 4413 949 4465 eius
962 4427 1091 4467 eoronam
1104 4413 1135 4465 de
1147 4411 1238 4479 lapide
1247 4412 1368 4478 pretioso
1381 4420 1430 4468 ete.

355 4486 385 4543 2.
407 4483 491 4554 Quod
513 4484 567 4542 tibi
589 4487 789 4558 complacitum
814 4484 907 4543 inerat
929 4488 1060 4559 iustoque
1082 4486 1245 4561 benignum,

461 4563 637 4618 Desideriuin
654 4566 839 4619 animantius
857 4566 980 4620 tribuisti
998 4567 1023 4618 ei
1041 4575 1089 4619 eto.
