3409 5384
702 498 915 560 *49-

586 698 630 758 74.
657 699 693 754 Iu
710 699 881 770 Epiphania
897 699 1032 759 uomina

366 845 395 905 1.
418 841 510 901 Stella
531 858 606 901 nova
627 842 752 920 emicuit,
776 842 905 901 salvator
926 841 956 900 iu
978 842 1049 902 orbe
1070 840 1194 919 refulsit,

415 927 456 988 Ut
476 928 598 987 credaut
620 934 735 1001 gentem
758 927 913 985 iubilantes
936 927 1034 1000 dieite,
1057 925 1180 991 fratres:

424 1040 427 1046 ‹
491 1006 569 1074 ane,
586 1006 700 1062 advenit
717 1006 874 1060 dominator
891 1005 1040 1072 Dominus,

367 1084 397 1143 2.
421 1081 508 1140 Cuius
531 1082 691 1155 baptismus
714 1086 842 1139 nostrum
866 1080 1010 1153 baptisma
1032 1082 1157 1155 dicarit3

492 1166 517 1215 et
533 1175 648 1232 repnnm
665 1161 698 1213 in
716 1177 802 1214 mono
819 1161 887 1224 eina,

365 1238 394 1297 3.
416 1235 472 1309 Qui
493 1236 524 1294 in
546 1236 644 1294 vinum
666 1236 808 1293 convertit
829 1251 928 1306 aquae,
951 1234 1008 1307 ipsi
1030 1233 1118 1294 decus
1139 1251 1223 1294 omne
1245 1244 1289 1296 est

492 1320 516 1369 et
530 1319 654 1383 porisma
672 1319 696 1368 et
714 1315 869 1383 numerium.

285 1439 365 1503 Trop.
390 1454 437 1488 ma.
459 1435 634 1489 Martiulause
657 1453 726 1488 auae.
750 1435 790 1488 10.
827 1438 884 1489 Ood
908 1439 1023 1487 Pariaiu.
1051 1433 1124 1488 1084.
1148 1438 1178 1489 A.
1197 1468 1229 1475 -
1247 1440 1326 1504 Trop.
1351 1455 1398 1489 ms.

214 1506 390 1557 Martialeuse
413 1522 482 1559 saec.
507 1503 547 1557 10.
573 1523 612 1557 ex.
650 1507 714 1558 Cod.
732 1507 847 1556 Pariaiu.
876 1502 950 1556 1118.
969 1509 1001 1556 Β.
1019 1531 1052 1540 -
1069 1508 1149 1568 Trop.
1168 1522 1215 1556 ms.
1236 1507 1399 1558 Niverneuse

215 1589 285 1624 suae.
313 1572 353 1625 11.
388 1573 450 1626 coa
469 1576 584 1625 Parisin.
610 1571 687 1626 9449.
705 1575 734 1626 0.
752 1599 786 1610 -
804 1575 883 1640 Trop.
903 1591 949 1625 ms.
968 1575 1155 1625 Glautonieuaa
1172 1574 1400 1638 (iCautuarienseJ

214 1657 286 1692 saec.
307 1640 347 1695 11.
365 1658 406 1694 ex.
422 1641 460 1706 (et
477 1641 528 1704 12.)
554 1644 618 1694 Ood.
636 1640 785 1695 Loudiuan.
803 1643 888 1708 Calig.
907 1644 929 1692 A
946 1644 1019 1693 XIV.
1038 1645 1070 1693 D.
1084 1671 1116 1680 -
1128 1644 1209 1709 Trop.
1226 1657 1275 1695 ms.
1288 1645 1399 1710 Magum·

212 1708 341 1775 tinumff)
365 1727 432 1763 raam
453 1709 491 1763 10.
528 1713 591 1763 Ood.
610 1713 757 1762 Londiueu.
775 1711 835 1762 add.
856 1707 952 1762 19768.
971 1711 1004 1762 Ε.
1022 1737 1057 1746 -
1075 1709 1097 1773 1,
1118 1709 1130 1761 l
1150 1712 1399 1776 Malla(1)uova0.

214 1805 249 1814 -
270 1778 294 1842 l,
313 1777 330 1830 2
347 1781 385 1832 Ut
401 1781 510 1832 redeunt
528 1778 633 1831 A.-2
652 1782 812 1845 baptismum
830 1781 893 1842 Dm
912 1781 1011 1831 ditavit
1027 1776 1133 1830 A.-3
1151 1781 1230 1831 deeus
1248 1797 1302 1830 nou
1317 1783 1400 1833 eatC.

587 1999 628 2054 75.
654 1999 689 2053 Iu
706 1998 878 2068 Epiphania
895 1998 1029 2074 Domiui.

348 2144 376 2207 1.
399 2142 589 2215 Prophetieus
611 2157 705 2201 sermo
728 2142 890 2200 venientem
908 2143 1020 2201 intonat
1041 2142 1098 2200 ita:

441 2221 519 2288 ane,
537 2221 647 2276 advenit
663 2221 820 2275 dominator
838 2221 990 2286 Dominus,

346 2299 376 2358 2.
399 2297 487 2368 Quem
511 2297 614 2355 devote
636 2297 726 2369 magis
748 2297 828 2354 sidus
850 2297 965 2369 aperuit
987 2311 1109 2369 novum3

438 2381 462 2428 et
480 2391 593 2444 roonnm
610 2375 642 2429 in
659 2392 746 2428 monn
762 2377 829 2439 eins,

348 2452 377 2511 3.
400 2450 487 2510 Cuius
510 2449 700 2508 ventilabrum
724 2449 826 2508 dextra
848 2449 983 2522 purgabit
1005 2460 1055 2507 eor
1075 2453 1213 2527 nostrum,

436 2534 461 2583 at
474 2534 598 2597 potestas
616 2535 639 2583 et
657 2530 811 2597 imperinm.

347 2607 377 2663 4.
401 2602 532 2664 stellifer
551 2603 653 2663 aether
675 2599 799 2682 [laudat]
822 2608 919 2681 temet,
942 2602 1092 2661 iubilando
1115 2618 1262 2662 canamus:

439 2683 537 2737 Gloria
550 2685 629 2753 putri
646 2688 670 2736 et
691 2684 750 2751 filio
771 2689 796 2736 et
813 2683 927 2750 spiritui
945 2688 1048 2738 sonno.

282 2809 362 2873 'Prop
380 2824 428 2858 nra.
444 2808 616 2858 Martialeuse
633 2822 702 2857 saec.
722 2804 761 2857 10.
790 2807 853 2857 God.
865 2808 981 2857 Parisin.
995 2803 1069 2857 1084.
1083 2803 1143 2855 -1
1163 2821 1248 2856 sermo
1261 2804 1395 2857 Christum

204 2878 372 2928 venientem.
391 2903 423 2912 -
441 2873 459 2926 2
476 2891 568 2942 magos
585 2876 678 2926 uiduus
695 2878 827 2940 apparuit.
846 2902 880 2910 —
897 2872 914 2925 3
931 2875 1049 2930 dextram
1067 2879 1174 2939 gestans
1191 2875 1316 2941 purgabit
1333 2881 1396 2926 turne

204 2951 342 2997 nostrum.
357 2971 386 2981 -
400 2947 456 2996 Dar
472 2946 541 2995 Text
557 2947 592 2994 iat
609 2944 733 2994 aicbtiiah
751 2944 880 3001 varderbt,
898 2944 952 2993 und
971 2959 998 2993 ea
1017 2944 1102 2994 bleibt
1118 2942 1283 3003 zweifelhaft
1300 2944 1334 2994 ob
1353 2943 1396 2994 die

204 3017 298 3066 Verre
315 3014 437 3066 wirklieh
455 3012 635 3077 rhythmisehe
654 3015 815 3063 Hexameter
833 3014 892 3062 sein
910 3013 1003 3064 solleu.

577 3232 621 3287 76.
649 3233 684 3286 lu
701 3230 873 3300 Epiphania
893 3231 1026 3287 bonum.

342 3370 370 3429 1.
393 3367 487 3428 Obvia
508 3371 608 3440 pergat
631 3383 720 3425 ovans
742 3367 859 3424 laudum
883 3382 945 3423 eum
969 3380 1087 3424 munere
1109 3363 1206 3442 turba,

452 3450 512 3510 Eia,
532 3446 610 3510 Eece,
628 3446 737 3500 odoomt
755 3446 910 3500 dominator
928 3445 1077 3511 Dominus,

452 3521 476 3569 et
493 3531 606 3583 reanum
624 3515 656 3567 in
672 3531 758 3568 monn
775 3515 834 3568 eina
852 3519 877 3567 et
891 3519 1014 3581 potestas
1031 3517 1056 3566 et
1074 3514 1227 3582 imperinm,

343 3593 373 3651 2.
395 3591 453 3650 Per
473 3605 546 3662 quae
570 3595 672 3647 cuneta
693 3589 742 3660 pio
764 3604 879 3661 semper
900 3588 1096 3647 moderamine
1119 3592 1227 3647 servat.

419 3702 423 3705 ,
451 3668 536 3736 Dona,
554 3668 689 3723 indiciam
706 3673 784 3722 tunm
800 3670 858 3737 rupi
875 3668 920 3728 do.

282 3790 362 3858 Trop.
386 3809 433 3843 ma.
452 3793 626 3844 Veduatinum
645 3807 713 3843 eaeo.
734 3789 773 3841 11.
810 3791 875 3842 Cod.
894 3793 1061 3843 Oameraoan.
1080 3788 1113 3841 76
1130 3788 1190 3853 (75).
1210 3817 1244 3826 -
1261 3786 1278 3839 2
1295 3795 1393 3840 servat.

198 3867 238 3916 In
265 3862 313 3912 der
330 3863 379 3911 He.
402 3863 439 3912 iat
460 3861 591 3912 zwisehen
611 3859 623 3910 1
643 3862 697 3911 und
714 3856 731 3909 2
748 3859 897 3910 irrtsumlieh
914 3860 961 3910 der
979 3857 1271 3925 offertorium-Tropus
1292 3860 1395 3924 „Rag-

199 3946 329 3983 norum
346 3926 496 3981 Domino“
536 3930 738 3995 aingesehoben.

577 4149 621 4204 rr.
649 4149 684 4203 In
701 4149 873 4218 uppremo
890 4145 1024 4204 pomini.

521 4284 550 4345 1.
573 4282 655 4341 Haeo
677 4288 722 4340 est
742 4282 895 4355 praeclara
919 4282 981 4340 dies

571 4368 664 4427 tribus
686 4375 801 4426 sacrata
823 4367 980 4444 miraculis,

570 4454 600 4511 iu
623 4471 681 4527 qua
702 4470 765 4512 oum
788 4452 932 4529 propheta

571 4555 706 4598 canamus
729 4541 875 4598 dieentes:

622 4618 699 4685 ane,
718 4619 834 4684 advenit,

263 4709 381 4765 mama,
400 4709 470 4765 Tropi
485 4711 632 4755 Graduales.
660 4711 694 4754 11.
