3409 5384
714 511 1031 588 '-98-

726 743 787 822 204.
815 746 850 799 lu
869 745 969 800 sancti
987 745 1136 800 Andreae.

460 874 487 934 1.
513 872 593 932 Caeli
615 873 767 944 primatem
791 871 864 928 caeli
887 869 963 928 eolat
985 868 1050 927 aula
1072 876 1207 941 potenter

565 957 723 1026 Andrum,
745 955 869 1013 Domino
891 955 987 1013 cordis
1008 969 1105 1012 amore
1129 969 1250 1017 caueust

645 1035 718 1089 Mihi
735 1040 825 1088 autem
843 1035 928 1088 uimis
946 1034 1074 1089 honorati
1091 1040 1164 1099 auat,

461 1114 491 1175 2.
514 1111 621 1184 Magna
644 1109 740 1168 femnt
763 1109 799 1168 de
820 1115 850 1166 te
872 1109 921 1181 qui
942 1109 1025 1167 nobis
1047 1124 1166 1166 munera
1189 1107 1275 1181 ritae,

646 1189 728 1244 amici
744 1190 793 1252 tui,
811 1187 898 1254 Deus,

458 1267 487 1328 3.
509 1264 556 1323 Ex
580 1263 681 1336 quibus
704 1263 751 1320 hio
770 1263 857 1321 hodie
879 1263 1012 1320 Andreas
1034 1262 1083 1320 lux
1106 1260 1197 1334 fulget
1218 1277 1353 1339 amoeua3

646 1343 730 1396 uiuis
748 1344 920 1409 confortatus
937 1346 977 1394 eat
990 1342 1166 1409 principuus
1184 1357 1282 1396 murm.

408 1469 486 1533 Trop.
505 1483 552 1517 ms.
572 1467 598 1517 S.
617 1466 718 1517 Arnum
736 1467 865 1516 Meteusis
885 1481 953 1515 saec.
972 1461 1013 1514 12.
1032 1467 1068 1514 in.
1103 1459 1168 1516 Cud.
1186 1463 1283 1514 Meten.
1303 1459 1363 1513 452.

743 1703 804 1760 205.
831 1702 866 1757 ln
883 1702 983 1758 saneti
1001 1702 1116 1758 Aredll.

463 1850 491 1907 1.
514 1846 636 1920 Emicat,
661 1861 737 1922 ecce,
762 1845 823 1904 dies
846 1846 1010 1904 veneranda
1032 1844 1125 1916 patris
1147 1843 1258 1921 Aradii,

515 1931 649 2004 Implevit
672 1932 719 2003 qui
743 1931 821 1988 iussa
843 1930 899 1988 Ilei
920 1935 1044 1989 testante
1066 1932 1224 2004 propheta:
1245 1978 1263 1994 .

580 2009 618 2064 Os
635 2012 703 2065 iusti
719 2009 892 2064 meditabitur
911 2010 1083 2076 sapientiam,

463 2090 492 2150 2.
515 2085 647 2145 Moribus
670 2091 699 2141 et
721 2086 780 2142 vita
802 2089 863 2141 toto
886 2084 1014 2156 pollebat
1035 2084 1065 2140 in
1087 2083 1165 2160 orbe,

578 2169 603 2216 et
620 2164 716 2231 iiupua
734 2165 792 2218 eius
810 2164 932 2230 loquetur
948 2163 1081 2216 iudicium
1086 2180 1094 2226 ,·

462 2242 491 2300 3.
514 2237 640 2298 hrodius
663 2238 737 2296 iuste
762 2238 865 2311 dietus,
888 2238 954 2310 quia
976 2253 1089 2311 semper
1111 2236 1234 2294 inhaesit

579 2319 622 2371 tea
638 2316 694 2370 Dei
710 2317 767 2370 eius
785 2318 815 2369 iu
834 2317 913 2370 corde
929 2317 1029 2385 ipsius.

461 2396 491 2455 4.
515 2391 627 2450 Gemua
650 2392 800 2464 depromat
823 2391 1018 2449 modulamina
1040 2396 1138 2448 nostra
1161 2394 1276 2446 caterva

515 2478 549 2535 lu
571 2476 663 2550 patris
686 2493 719 2534 ae
742 2477 802 2534 nati
824 2477 979 2548 praeconia
1000 2476 1123 2536 flaminis
1146 2481 1247 2546 atque:

578 2554 676 2610 Gloria
689 2557 767 2623 patri
784 2561 808 2609 et
825 2557 884 2623 filio
901 2561 924 2609 et
942 2556 1056 2622 spiritui
1074 2561 1176 2609 raucio.

408 2680 488 2745 Trop.
507 2696 555 2730 ms.
574 2680 602 2730 S.
619 2679 710 2730 Aradii
728 2681 927 2730 Lemovicensis
946 2695 1014 2730 saec.
1034 2677 1074 2729 11.
1111 2678 1174 2728 Cud.
1192 2679 1307 2728 Parisiu.
1325 2674 1385 2728 903.

738 2915 800 2972 200.
829 2915 863 2969 ln
882 2915 981 2970 saneti
999 2915 1113 2972 Aradii·

492 3057 520 3120 1.
542 3057 648 3116 Inclita
670 3057 804 3114 Davidioi
827 3057 981 3128 praeconia
1004 3057 1138 3114 carminis
1160 3073 1258 3114 omnes

544 3143 577 3199 In
600 3143 692 3214 patris
717 3143 817 3200 Atedii
839 3142 991 3200 iubilemus
1013 3142 1099 3200 laude
1121 3140 1260 3205 fatentes:

613 3220 651 3276 Os
668 3223 737 3274 iusti
753 3221 927 3275 meditabitur
944 3222 1121 3289 sapieutiam;

490 3298 519 3354 2.
543 3295 679 3355 coetibus
701 3296 838 3368 angelicis
862 3297 1027 3354 coniunctus
1049 3297 1079 3352 iu
1101 3297 1219 3354 aethera
1241 3300 1349 3369 regnat,

612 3381 636 3429 et
654 3375 750 3443 liupua
768 3375 827 3428 eius
844 3376 967 3442 loquetur
985 3375 1130 3440 iuditium·

490 3452 519 3508 3.
542 3449 664 3508 Munere
687 3449 784 3508 diviua
808 3456 905 3509 careat
927 3465 963 3507 ue
986 3448 1061 3507 forte
1084 3465 1137 3523 per
1157 3465 1240 3522 aeon,

610 3529 653 3584 iou
670 3527 725 3581 Dei
742 3530 800 3581 cius
816 3530 847 3582 iu
866 3528 945 3583 corde
962 3529 1062 3595 ipsiua

405 3652 484 3717 Trop.
505 3667 555 3704 ms.
579 3652 605 3702 S.
630 3651 720 3701 Atedii
742 3653 941 3702 Lemovieeusis
964 3667 1032 3701 saea
1058 3648 1098 3701 ll.
1133 3651 1197 3703 eod.
1221 3653 1334 3703 Parisiu.
1359 3649 1420 3704 903.
1448 3683 1487 3693 -
1513 3654 1528 3707 l

338 3719 476 3770 Dauidica.
494 3746 527 3755 —
545 3718 563 3770 4
581 3736 627 3784 pur
645 3736 712 3770 eum.

734 3888 796 3943 aot.
825 3889 860 3942 In
879 3888 980 3942 saneti
998 3889 1111 3946 Aradii.

414 4029 443 4088 1.
467 4028 663 4106 Christicolae,
687 4030 805 4088 laudum
829 4032 960 4088 modulos
982 4047 1057 4088 naue
1077 4033 1193 4104 pangite
1213 4031 1337 4107 Christo,

466 4116 555 4186 Quem
579 4131 661 4172 sacer
682 4115 807 4173 Aredius
829 4117 932 4173 meruit
954 4116 1108 4187 splendore
1130 4132 1248 4174 corusco

468 4198 593 4257 Cernere
616 4201 809 4258 conscendens
832 4201 918 4259 hodie
940 4217 1027 4272 super
1048 4207 1126 4258 astra
1148 4203 1288 4274 polorum.

466 4283 527 4341 Nos
550 4300 661 4356 quoque
683 4287 897 4359 psalmographi
920 4303 1035 4344 carmen
1058 4288 1234 4345 modulamus
1256 4291 1391 4348 ovantes:

549 4361 586 4417 Os
604 4363 673 4417 iusti
689 4365 862 4419 meditabitur
879 4367 1043 4432 supieutiuru
1060 4372 1106 4420 etc.

415 4438 445 4497 2.
469 4435 604 4495 Carmina
624 4438 681 4495 iarn
704 4439 823 4497 reboent
844 4440 937 4513 lyrico
959 4441 1039 4512 prius
1061 4441 1139 4498 edita
1161 4441 1288 4513 plectro:

548 4514 616 4569 Noli
633 4519 813 4572 aemulantia
829 4519 1043 4589 malignantibus
1062 4525 1108 4574 eto.

406 4639 485 4706 Trop.
503 4657 551 4690 ms.
569 4640 597 4691 S.
617 4639 705 4690 Aradii
723 4640 923 4691 Lemovieensis
941 4657 1009 4692 saec.
1029 4641 1068 4692 ll.
1104 4642 1167 4693 Cod.
1185 4645 1300 4694 Parisiu.
1318 4641 1377 4695 903.
