3409 5384
213 688 346 738 Parisin.
367 683 441 737 1119.
459 687 493 737 E.
511 713 545 722 —
565 683 578 736 1
598 689 685 738 Iesum
703 688 734 737 A.
746 684 810 737 -2
827 689 934 738 insania
952 688 1067 737 futurum
1080 687 1110 736 B.
1123 683 1186 737 -3
1203 687 1270 738 fehlt
1285 689 1365 740 ODE.
1377 718 1410 727 —

211 753 236 807 3
259 757 334 806 Fure
358 756 432 806 siens
455 760 482 806 et
501 757 621 816 444441,
640 756 724 806 Fures
741 761 816 821 geset
834 771 934 806 summe
954 758 986 817 B;
1010 754 1079 817 (zum
1097 757 1241 821 imperatis
1259 754 1343 822 „iare“
1364 758 1411 808 cfr.

211 823 373 874 Porcellini
398 841 418 873 s.
441 839 465 873 ν.
491 820 582 888 ,‚l'or“).
600 849 634 858 -
657 814 768 875 11141411
790 821 972 887 Binnenreim;
998 825 1079 874 daher
1103 824 1172 875 wohl
1196 825 1245 875 mit
1267 825 1352 876 Recht
1373 829 1411 877 im

210 893 295 943 Vere
313 889 330 942 3
356 891 487 958 „summe“
507 893 652 959 karrigiert
671 894 698 942 iu
720 888 862 957 „summo“.

611 1129 674 1184 sss.
701 1128 737 1182 Iu
755 1127 856 1183 sareu
874 1127 1035 1197 scapnam.
1071 1106 1074 1112 ’

333 1288 361 1352 1.
387 1286 501 1346 Summe
523 1292 601 1345 tuum
625 1288 761 1360 princeps
784 1303 885 1345 nomen
909 1287 984 1361 quia,
1009 1286 1133 1359 Christe,
1157 1285 1279 1362 fatebor,

435 1365 545 1422 Etenim
563 1367 690 1422 sederunt
704 1367 846 1436 principes
864 1373 888 1420 et
905 1367 1049 1421 adamum
1065 1383 1105 1420 me
1122 1367 1309 1434 loquebantur,

327 1442 357 1502 2.
382 1440 443 1500 Nee
465 1447 561 1500 temen
584 1447 702 1514 accepto
725 1442 805 1514 potui
827 1446 939 1499 terrore
961 1442 1087 1511 moveri3

436 1526 460 1573 et
477 1521 568 1589 iniqui
583 1521 720 1590 persecuti
738 1526 805 1573 suut
820 1536 860 1572 me
1067 1563 1071 1568 .

329 1595 359 1654 3.
382 1595 416 1652 In
439 1599 558 1672 tuntum,
583 1602 614 1654 nt
636 1595 765 1668 lepidum
787 1600 951 1667 premerent
973 1609 1019 1651 me
1038 1595 1114 1652 mole
1136 1610 1268 1667 snorum3

436 1673 540 1729 adiuva
557 1691 606 1742 mc,
623 1675 743 1728 Domine
760 1673 836 1728 Deus
856 1690 940 1738 meus,

329 1749 358 1807 4.
382 1751 478 1820 Atque
500 1749 564 1807 istis
587 1749 733 1818 miserere,
757 1763 869 1821 precor,
894 1745 1061 1821 peccamina
1082 1747 1193 1823 lsraus,

437 1829 503 1895 quia
520 1844 614 1883 sennes
632 1834 698 1883 tuus
716 1829 888 1882 eucrcebatur
905 1829 938 1880 in
956 1828 1012 1882 tuis
1028 1826 1282 1894 iustificationibus.

297 1983 379 2045 Trop.
403 1999 449 2033 ms.
473 1985 696 2050 Moguntinumlil
719 1986 782 2034 4441
805 1981 934 2035 955-62.
970 1984 1033 2034 Ood.
1058 1984 1204 2035 Loudineu.
1223 1985 1290 2034 edd.
1312 1983 1409 2037 19768.

210 2053 252 2104 Α.
284 2079 318 2088 -
343 2053 423 2116 Trop.
445 2068 492 2102 ms.
512 2052 539 2104 S.
556 2053 659 2103 Arnalfi
678 2054 804 2102 Metensis
829 2068 898 2104 saec.
924 2049 964 2102 12.
983 2054 1020 2103 in.
1056 2053 1118 2104 Call.
1136 2053 1233 2104 Meton.
1253 2050 1310 2104 452.
1329 2056 1359 2104 Β.
1377 2077 1414 2092 -·

210 2123 308 2186 Trop.
334 2137 382 2170 ms.
403 2121 600 2186 Epternscense
624 2137 692 2172 saec.
722 2118 762 2170 12.
802 2121 866 2172 Cod.
890 2121 1004 2171 Parisin.
1031 2118 1126 2173 10510.
1149 2122 1179 2173 C.
1203 2148 1236 2157 -
1259 2123 1338 2188 Trop.
1363 2140 1411 2174 ms.

210 2190 419 2242 Glastouiense
435 2186 457 2252 (1
465 2188 667 2254 cantuariense)
691 2205 758 2240 4444.
779 2186 818 2239 11.
838 2205 878 2240 ex.
896 2187 933 2248 (et
951 2186 1001 2252 12.)
1035 2190 1099 2241 con.
1116 2190 1263 2241 Londinen.
1281 2191 1367 2257 salig.
1385 2193 1411 2242 A

209 2259 299 2310 xlv.
327 2259 360 2307 D.
378 2285 413 2292 —
435 2259 514 2324 Trop.
541 2276 589 2310 ms.
613 2260 757 2310 casinense
784 2273 852 2309 suec.
878 2254 917 2307 12.
941 2259 978 2308 14.
1014 2258 1079 2309 Cod.
1099 2259 1222 2308 casinen.
1244 2256 1302 2310 546.
1326 2260 1359 2310 Ε.
1378 2285 1412 2296 -

208 2327 295 2377 Vers
325 2323 338 2376 l
365 2326 450 2377 144141
472 2327 500 2376 14
518 2328 556 2377 E:
581 2329 730 2378 servieram
753 2326 841 2378 viduis
864 2341 968 2376 necnon
990 2326 1113 2377 fidelibus
1131 2325 1412 2393 414414-3114444

211 2395 295 2446 adeo
320 2402 351 2444 ut
373 2393 489 2460 lepidum
514 2396 537 2446 Α
560 2393 707 2457 (vielleicht
729 2396 777 2446 dus
800 2393 942 2459 Riehtige).
959 2422 993 2430 -
1016 2395 1072 2445 Aue
1096 2396 1120 2446 E
1144 2397 1181 2446 ist
1204 2395 1291 2446 dieser
1307 2394 1412 2462 Tropus

213 2467 300 2515 sumt
318 2463 435 2514 Melodie
453 2465 594 2530 mitgeteilt
612 2467 639 2514 in
657 2465 704 2515 der
721 2467 860 2529 Russegna
877 2463 1049 2528 Gregomenu,
1071 2461 1144 2524 1893,
1163 2481 1188 2529 p.
1207 2460 1231 2513 l.

548 2697 611 2754 sel.
639 2698 674 2752 14
692 2697 872 2753 Inventione
891 2712 917 2753 s.
937 2696 1097 2766 Stephanl.

389 2857 418 2916 1.
441 2855 501 2914 Nos
525 2856 603 2916 sinus
625 2856 764 2914 ecclesiae
786 2855 887 2913 leudes
910 2853 1030 2913 ferendo
1053 2872 1203 2915 cenamus:

510 2935 688 2989 Gaudeamus
706 2950 797 2989 omues
815 2935 846 2987 in
863 2933 991 2998 Domino,

385 3013 415 3071 2.
439 3009 477 3070 04
501 3015 530 3068 41
551 3009 740 3083 apostolicum
763 3007 865 3067 reboat
886 3009 928 3066 sic
950 3024 1065 3082 semper
1085 3011 1236 3087 agendum,

506 3089 576 3144 diem
593 3091 693 3157 festum
710 3089 869 3143 celebrantes

386 3166 415 3226 3.
439 3163 478 3220 Et
500 3164 601 3223 laudes
624 3163 725 3222 humili
747 3177 912 3220 resonemus
935 3167 1030 3220 mente
1053 3163 1164 3223 tonanti

509 3244 559 3297 sub
578 3243 678 3298 honere
696 3243 766 3296 beati
785 3240 927 3311 Stephani,

385 3321 416 3378 4.
439 3316 494 3387 Qui
516 3317 612 3376 studio
635 3317 740 3374 celebri
765 3317 870 3374 meruit
890 3316 948 3375 ium
970 3318 1099 3388 praemia
1121 3317 1211 3392 regni,

508 3395 540 3450 cic
561 3397 640 3450 cuius
658 3397 814 3449 inpensione
830 3395 952 3464 pandent
970 3397 1062 3465 ampli

386 3475 416 3534 5.
440 3469 567 3530 Vocibus
595 3470 714 3528 alternis
736 3470 893 3542 psallentes
916 3470 1123 3543 cunctipotenti

508 3555 533 3603 et
550 3549 709 3603 collaudant
725 3549 812 3616 tilium
829 3548 892 3601 Dei.

300 3709 384 3772 Trep.
403 3723 452 3756 ms.
470 3706 497 3758 S.
515 3705 618 3756 Amulii
635 3707 764 3756 114144414
782 3721 850 3756 saec.
871 3703 911 3756 12.
930 3708 966 3756 14.
1004 3706 1067 3757 Cod.
1084 3706 1181 3756 Meteu.
1200 3701 1259 3755 452.
1277 3730 1312 3739 —·
1328 3694 1413 3756 llber-

221 3777 327 3828 schrift
345 3776 425 3840 irrig:
446 3777 492 3837 „In
511 3773 634 3837 Nataliss)
652 3790 671 3824 4.
691 3774 818 3840 Stephani
836 3770 1066 3840 protomartyris“3
1090 3774 1135 3824 der
1152 3774 1229 3824 Platn
1246 3774 1292 3824 dee
1309 3775 1413 3839 Tropas

217 3849 262 3897 ist
291 3860 345 3893 vor
365 3842 455 3906 jeuem
479 3843 527 3892 auf
549 3843 595 3892 dus
621 3844 683 3893 Fest
704 3842 751 3893 des
774 3842 810 3892 hl.
834 3843 1003 3893 Laurentius.
1026 3867 1061 3877 -
1083 3841 1143 3908 Vgl.
1165 3842 1217 3893 (144
1239 3844 1342 3908 Tropus
1364 3845 1413 3895 mit

217 3912 351 3981 gleieher
369 3912 534 3962 Introductio
553 3912 602 3961 aut
616 3910 813 3976 Allerheiligen.

610 4147 671 4204 stu.
700 4147 736 4202 14
754 4146 855 4203 444411
874 4146 1036 4203 Swithnul.

338 4309 368 4368 1.
391 4307 476 4383 Ecce,
501 4314 639 4380 patronus
662 4306 748 4366 adest
771 4307 881 4364 meritis
903 4307 1047 4380 signisque
1070 4302 1225 4383 refulgens,

433 4392 555 4464 Deque
578 4391 759 4452 dulcisonum
782 4397 918 4464 personat
940 4389 1086 4453 officium:

475 4471 578 4526 Statuit
595 4471 619 4525 ci
635 4471 774 4527 Dominus
791 4475 979 4525 testamentum
992 4472 1082 4538 pacis,

339 4548 369 4605 2.
392 4545 472 4619 Quod
494 4551 608 4604 maneat
630 4545 724 4608 solida
747 4544 860 4603 firmum
883 4561 936 4618 per
957 4545 1071 4603 saecule
1093 4552 1190 4623 pacto,

474 4630 497 4679 et
511 4625 663 4693 principem
680 4626 743 4693 fecit
760 4643 818 4679 cum
