3409 5384
795 573 833 584 -
878 537 941 602 220
986 573 1025 584 -

678 704 740 762 reo.
768 705 804 761 In
821 705 990 776 upupmmu
1007 703 1141 763 Domini.

322 848 375 912 le.
404 847 508 922 Salpe,
530 845 621 906 infida
642 863 720 922 gons,
851 821 854 828 ⁵
937 846 992 910 lb.
1022 846 1063 908 m
1083 846 1261 921 illuminare,

407 933 517 992 deiecta
1021 932 1125 1005 cogita,

405 1017 544 1094 perfidia3
567 1033 650 1091 quem
675 1018 724 1077 de·
1021 1033 1108 1091 spera
1129 1023 1159 1076 et
1180 1019 1302 1090 suspira,

405 1109 546 1162 monstrat
567 1103 661 1172 stella,
1021 1102 1157 1162 caelestia

406 1203 502 1262 regem
525 1203 633 1262 regum,
655 1203 793 1248 venerare
1023 1189 1226 1264 oontemplare‚
1249 1189 1423 1269 Ierusalem,

577 1290 654 1366 Quia
673 1289 769 1365 plorio
790 1290 917 1350 Domini
937 1307 1025 1364 sopor
1046 1297 1072 1351 to
1094 1296 1160 1350 orta
1181 1296 1231 1351 eet.

388 1427 498 1491 Tropar.
515 1441 564 1476 ms.
582 1425 741 1476 Ssooviense
759 1426 822 1475 anni
842 1421 917 1475 1345.
952 1423 1017 1475 (lod.
1037 1424 1164 1475 Graaoen.
1183 1419 1241 1473 756.
1260 1450 1295 1459 -
1314 1420 1361 1485 la,
1382 1421 1397 1473 1
1417 1441 1455 1490 sq.
1472 1426 1497 1474 in

320 1493 370 1544 fida
387 1510 452 1559 gens
470 1493 557 1544 deiota
569 1493 701 1560 perfidias.
719 1519 753 1528 -
772 1491 819 1556 lb,
836 1490 1023 1550 liliumiuata
1043 1518 1074 1528 -
1092 1493 1196 1557 Tropus
1208 1508 1268 1542 zum
1280 1492 1496 1552 Gradualvarsus,

321 1562 415 1613 deesen
432 1563 499 1613 Text
516 1579 575 1612 zum
592 1561 651 1613 Tail
671 1563 699 1611 in
717 1561 760 1612 die
778 1563 945 1628 Tropierung
963 1561 1155 1628 eingefloehton
1172 1562 1216 1610 ist.

704 1778 766 1835 427.
794 1778 830 1834 In
850 1781 975 1836 sanotae
994 1779 1111 1836 Gruols.

322 1922 375 1986 la.
404 1923 473 1995 Quis
495 1921 557 1995 tibi,
583 1921 705 1996 colere,
729 1922 846 1979 meritos
940 1922 995 1984 lb.
1028 1922 1130 1993 Possit,
1153 1927 1184 1980 ut
1208 1921 1293 1996 digne
1316 1921 1433 1980 debitas

447 2008 563 2068 Laudes
586 2007 763 2079 impendere,
1064 2007 1204 2066 Exsolvat
1225 2005 1355 2079 gratias?
1377 2045 1388 2066 .

447 2093 501 2153 Vel
523 2093 586 2166 quis
609 2089 742 2152 sulficere
1066 2092 1188 2152 Nostros
1209 2092 1338 2151 miserias

677 2213 708 2274 2.
741 2211 852 2270 Venisti
875 2213 965 2284 gratis
987 2212 1100 2272 tollere.

320 2337 374 2394 ila·
405 2333 500 2408 Deus,
529 2332 577 2405 qui
600 2337 720 2405 propter
741 2331 884 2389 hominem
937 2330 993 2395 ab.
1023 2332 1177 2392 Servorum
1199 2349 1254 2406 pro
1274 2334 1415 2407 nequitiis

403 2417 511 2476 Faetus
533 2417 617 2476 homo
639 2432 692 2489 per
714 2416 853 2490 virginem
1021 2416 1149 2477 Affectus
1172 2419 1350 2478 contumeliis

404 2504 475 2563 Post
495 2502 674 2575 paupertatis
696 2518 792 2580 onem,
1021 2502 1068 2562 Ab
1092 2503 1189 2576 impiis
1210 2503 1363 2562 immeritis

404 2587 532 2663 Famem,
555 2584 645 2661 frigus
669 2593 698 2644 et
719 2592 815 2646 cetera
1022 2589 1184 2647 Tormentis
1207 2605 1238 2648 es
1260 2590 1421 2665 expositus,

319 2710 375 2768 4a.
406 2707 597 2780 Nostromque
619 2707 706 2764 vitam
729 2706 829 2765 sitiens
937 2705 994 2768 lb.
1024 2709 1105 2768 Patri
1127 2709 1224 2782 foetus
1246 2709 1411 2786 oboediens,

446 2791 551 2851 Bibisti
574 2791 674 2850 mortio
698 2791 825 2865 calicem,
1065 2793 1178 2853 Novum
1199 2810 1301 2869 gersus
1324 2794 1475 2865 artificem,
1518 2809 1525 2830 ·
1594 2812 1595 2895 l

677 2915 706 2974 5.
741 2911 817 2971 Dum
841 2913 935 2971 erucis
956 2912 1109 2987 ignomiam

741 2997 854 3056 Soalam
878 2995 950 3055 facis
973 2999 1011 3056 sd
1034 2998 1165 3072 gloriam.

386 3132 506 3194 Flauius,
530 3134 576 3184 Nu.
594 3133 694 3194 xxix,
714 3159 748 3168 —
765 3130 820 3191 3a,
839 3129 856 3182 2
873 3134 970 3185 Factus
989 3150 1026 3184 as.
1043 3161 1078 3170 -
1095 3130 1152 3196 3b,
1169 3131 1186 3184 4
1205 3137 1341 3200 expositus
1359 3138 1400 3186 ist
1417 3150 1497 3202 gegeu

317 3201 368 3252 den
387 3206 461 3253 sonet
477 3203 628 3268 gewahrten
646 3203 730 3251 Reim.
749 3227 780 3236 -
800 3202 944 3252 Vielleioht
960 3204 1062 3269 Tropus
1080 3219 1140 3253 zum
1157 3203 1304 3254 Graduale:
1324 3204 1498 3268 „Christus

317 3271 432 3320 factus
462 3275 514 3321 est
541 3286 601 3335 pro
630 3270 731 3320 nobie
762 3269 949 3322 oboediens
979 3286 1084 3337 usque
1114 3271 1151 3322 ad
1177 3276 1329 3332 mortem,
1360 3280 1497 3323 mortem

320 3343 431 3389 autem
458 3333 597 3390 oruois“.
622 3364 650 3372 -
678 3339 729 3388 Die
753 3337 1024 3406 Strophenabteiluug
1049 3340 1144 3391 beruht
1171 3340 1220 3390 auf
1246 3342 1303 3391 rein
1327 3341 1498 3392 technischen
1594 3370 1595 3385 l

318 3406 506 3458 Riioksiohten.

699 3556 761 3614 428.
788 3556 824 3614 In
845 3559 971 3613 sanotae
990 3558 1110 3615 Gruols.

630 3699 646 3758 1
670 3699 764 3775 Mora,
790 3700 866 3758 vitae
889 3698 1053 3778 vivificatio,

669 3784 760 3858 Mors,
783 3790 899 3843 nostrae
921 3784 1021 3843 mortis
1042 3784 1233 3857 mortificatio,

670 3870 835 3929 Consolatio

671 3953 711 4012 Et
733 3955 888 4027 reparatio.

632 4045 649 4102 5
674 4039 770 4098 Primo
792 4040 907 4112 parenti
928 4042 1024 4112 noxio,

670 4125 799 4196 Omors,
823 4125 925 4204 anxia;
949 4127 1034 4200 plena
1055 4123 1160 4200 gaudio

670 4210 714 4267 Tu
736 4226 767 4268 es
789 4216 889 4268 nostra
910 4211 1053 4273 liberatio.

672 4295 706 4368 Ο,
729 4312 785 4353 non
808 4297 939 4368 pepercit
961 4297 1080 4371 proprio

672 4380 819 4453 Propitius
841 4388 925 4453 pater
946 4381 1021 4440 filio!

611 4469 648 4525 lt)
672 4465 729 4523 Sed
749 4467 830 4524 nobis
855 4467 956 4526 exsilio

668 4551 780 4612 Pressis
801 4552 946 4625 Aegyptio

672 4635 774 4697 Oruois
796 4633 924 4714 afflietio,
