3409 5384
504 1525 552 1606 B.
593 1525 726 1628 Tropi
752 1527 809 1606 od
835 1525 1084 1606 Introitum.

629 1831 661 1897 Ι.
699 1831 751 1898 llo
773 1832 959 1916 Tempore.

589 2003 635 2059 et.
662 2003 698 2057 ln
715 2003 853 2059 Adventu
871 2003 1005 2060 Domini.

331 2165 359 2225 1.
381 2160 515 2222 Almifieo
537 2162 680 2235 qnondam
704 2160 842 2236 perflatus
864 2160 980 2221 flamina
1002 2129 1097 2222 David

381 2247 538 2308 Glarieonis
560 2247 676 2308 christo
698 2248 841 2321 prompsit
860 2247 908 2311 ,his
930 2249 1048 2306 vocibus
1069 2249 1157 2307 odas:

444 2326 490 2382 Ad
508 2333 533 2382 te
550 2327 637 2381 evam
653 2329 775 2380 animam
793 2344 887 2392 ewam,
906 2328 984 2382 Deus
1000 2344 1085 2394 meus,

446 2397 478 2449 in
495 2402 519 2451 te
537 2395 651 2464 confido,
670 2410 729 2449 noo
746 2397 906 2461 erubescam,

331 2473 362 2532 2.
383 2471 441 2530 Sed
464 2471 571 2528 virtute
593 2476 643 2528 tua
665 2471 787 2528 rutilans
809 2471 840 2528 iu
862 2470 970 2529 honore
992 2470 1148 2545 triumphi3

444 2566 528 2618 neque
544 2549 682 2603 irrideant
697 2565 738 2602 me
754 2549 863 2603 inimici
879 2551 939 2614 mei,

332 2627 361 2685 8.
383 2625 438 2699 Qui
460 2629 590 2683 temnunt
612 2623 727 2682 sibimet
749 2641 802 2682 soa
823 2623 949 2682 subdere
971 2624 1045 2682 oolla
1065 2623 1214 2699 superbis3

445 2704 540 2758 etenim
556 2703 687 2770 automni,
706 2704 755 2770 qai
771 2709 796 2757 te
813 2707 978 2772 exspectant,
996 2717 1055 2756 mom
1072 2703 1285 2771 confundentur.

273 2863 355 2928 Trop.
380 2877 429 2912 ma.
447 2863 632 2912 Wintouienee
657 2876 725 2912 saec.
754 2858 794 2911 10.
817 2877 858 2912 ex.
894 2860 958 2911 God.
977 2862 1106 2912 Oxonian.
1125 2861 1200 2911 Bodl.
1226 2857 1282 2910 775.
1303 2859 1334 2911 A.
1356 2885 1384 2896 -

199 2934 287 2998 Trop.
310 2947 359 2981 mn.
377 2931 562 2982 Wintoniensa
584 2944 653 2980 naeu.
678 2926 718 2979 11.
754 2929 818 2980 Ood.
842 2929 943 2996 Collog.
966 2930 1043 2994 Corp.
1067 2928 1166 2980 Christi
1189 2929 1386 2993 Cantabrigien.

200 2997 265 3050 473.
286 3001 315 3050 Β.
334 3025 367 3034 -
385 3001 464 3063 Trop.
482 3015 530 3048 me.
548 2997 736 3050 Glastonienaa
751 2995 981 3062 (icantuarianea)
998 3013 1067 3048 eaeo.
1088 2994 1297 3061 ll.ax.(at12.)
1323 2996 1386 3048 Ood.

201 3067 357 3120 Londinen.
375 3067 461 3134 Calig.
481 3067 502 3118 A
519 3067 591 3118 XIV.
610 3066 639 3117 C.
651 3092 686 3103 —
699 3063 722 3128 l,
743 3064 756 3116 1
775 3065 874 3117 fehltc
891 3064 961 3129 (weil
974 3067 1079 3132 Anfaug
1096 3066 1142 3117 des
1154 3069 1269 3131 Tropaia
1282 3063 1387 3128 dafekt).

201 3166 237 3175 -
259 3134 286 3196 1,
304 3133 321 3186 2
339 3135 491 3186 clarisonas
508 3136 562 3186 Bc.
580 3163 614 3172 -
630 3132 647 3185 2
666 3136 766 3186 virtute
783 3137 824 3185 tui
842 3135 871 3199 0,
885 3137 983 3186 virtute
1001 3137 1046 3198 pia
1065 3137 1096 3186 B.
1113 3161 1147 3170 —
1164 3131 1181 3186 3
1198 3134 1304 3198 superbi
1324 3133 1352 3184 0.

589 3403 635 3462 66.
659 3405 694 3457 ln
712 3405 850 3460 Adventu
868 3404 1002 3461 Domini.

239 3565 270 3624 1.
294 3564 381 3638 ane,
404 3579 501 3636 regum
523 3579 575 3622 rex
597 3563 733 3635 etiamr,
857 3567 886 3625 3.
909 3565 963 3636 Qui
986 3580 1038 3638 per
1059 3561 1163 3623 flamen
1186 3561 1367 3621 obumbravit

294 3649 390 3726 Lagis,
414 3649 555 3723 virgiuum
576 3654 698 3722 amator,
909 3648 1034 3708 Matrem
1057 3655 1087 3707 et
1108 3648 1291 3724 illuminavit,

338 3734 440 3792 Veniet
462 3751 525 3793 oum
546 3735 667 3808 gardim
954 3735 998 3794 Sit
1019 3734 1082 3794 laus
1104 3734 1182 3808 patri
1206 3750 1268 3791 oum
1292 3731 1368 3793 filio:

294 3813 342 3866 Ab
359 3819 383 3867 te
399 3814 484 3868 levoni
501 3815 622 3868 animam
639 3829 725 3867 meam
910 3813 1009 3869 Gloria
1023 3815 1102 3884 patri
1119 3819 1144 3868 et
1157 3813 1218 3936 {tito
1236 3819 1260 3867 et
1276 3813 1390 3880 spiritui

293 3912 327 3920 -
345 3897 403 3935 noa
421 3883 629 3950 confundentur.
909 3889 1005 3938 nancto
1023 3915 1057 3926 ·-
1075 3896 1253 3937 eremorum.
1292 3883 1388 3937 Anno.

241 4045 273 4106 2.
296 4042 369 4116 Rex,
393 4042 512 4115 dignare
533 4043 651 4101 visitare
858 4046 888 4107 4.
911 4044 1071 4117 Virginalis
1092 4044 1175 4103 aulae
1197 4041 1318 4118 fructus,

296 4126 400 4195 Corda,
421 4133 530 4186 mentes
552 4133 581 4185 et
602 4130 741 4188 mundare
912 4130 967 4202 Qui
990 4131 1026 4189 de
1049 4129 1140 4202 patris
1163 4129 1201 4188 ad
1217 4145 1270 4186 uos
1286 4129 1390 4188 ductus

338 4211 400 4270 Tuo
421 4229 484 4270 cum
507 4213 631 4285 auxili03
953 4214 994 4274 Es
1017 4214 1109 4288 regali
1130 4215 1213 4286 solio,

294 4295 354 4346 Pa:
366 4291 773 4349 ViastuoeDomioedemoustra
911 4294 957 4348 Ae
974 4299 998 4348 te
1017 4295 1101 4349 leveel
1118 4295 1239 4348 animum
1256 4308 1340 4348 meam

295 4359 365 4413 mibi
382 4364 406 4414 et
423 4360 531 4416 nemean
549 4367 612 4415 tuas
630 4362 708 4417 edoce
723 4379 772 4417 me.
910 4392 944 4402 -
963 4378 1021 4417 ooo
1039 4362 1250 4430 confundentur.

280 4517 402 4567 Caution.
427 4532 475 4567 mu.
491 4517 705 4584 Engelbergense
725 4522 789 4570 anni
811 4517 885 4571 1372.
922 4521 985 4572 Ood.
1004 4519 1199 4586 Eugelbergen.
1218 4515 1277 4568 314.
1297 4545 1329 4554 -
1347 4520 1390 4568 In·

212 4585 403 4650 troitustropen
420 4587 456 4634 im
474 4585 667 4652 Strophenbau‚
686 4590 737 4638 wie
753 4589 840 4640 dieser
857 4583 976 4640 und’der
993 4589 1115 4655 fulgenda
1132 4588 1181 4638 auf
1189 4587 1389 4648 Weihneohten‚

213 4651 329 4718 gehbran
346 4670 379 4703 uu
397 4653 448 4705 dan
464 4654 581 4718 grosaten
598 4656 787 4708 Sellenheiten.
1387 4664 1390 4670 '
