3409 5384
1400 155 1622 381 'l

782 490 1015 556 -174-

537 665 585 724 19.
619 664 687 722 Noli
709 679 824 739 perere,

670 743 794 812 reprmlm'l

535 828 585 887 20.
618 828 653 887 ln
677 833 824 884 aeternum
847 832 877 882 et
898 826 975 884 ultre

669 906 747 959 Deme
766 909 840 972 tems,

532 987 583 1048 21.
617 989 750 1119 ”iim
771 987 943 1061 unigenitus.
1047 979 1051 986 ’

698 1083 734 1121 003

533 1143 584 1201 22.
619 1140 705 1200 Clara
727 1156 795 1198 ecce
817 1140 930 1198 intonat

669 1219 869 1287 speculatorum
886 1225 1004 1286 tuorem,

533 1295 583 1354 23.
617 1295 741 1367 Quorum
764 1302 920 1368 praecepto
942 1292 1077 1354 subditur

619 1379 703 1438 Salus
726 1386 753 1437 et
776 1380 897 1456 languor
918 1378 1062 1453 omnium

668 1459 821 1514 mouoermel
837 1472 927 1514 oocem

533 1533 584 1592 24.
618 1533 817 1602 Iucunditatis,

668 1613 751 1666 simol
769 1609 924 1666 camacum

532 1688 582 1746 25.
617 1685 767 1746 liventem
789 1687 819 1746 iu
842 1687 957 1745 saecule
978 1685 1166 1763 saeculorum,

668 1767 734 1834 omia
752 1765 828 1820 oculo
847 1764 884 1820 ud
901 1765 1007 1820 omlmm
1023 1765 1151 1820 videbunt

531 1841 584 1900 26.
618 1840 788 1899 Districtum
812 1839 850 1898 ad
872 1839 989 1913 iudicia,

613 1925 790 1984 Clementem
812 1925 842 1983 in
866 1923 1003 1999 potentia,

668 2021 729 2060 cmm
746 2005 906 2064 converterit
923 2003 1061 2059 Dominae
1080 2001 1158 2067 Sion,

534 2080 585 2140 27.
619 2078 727 2138 Nostra
749 2086 780 2136 ut
802 2095 875 2152 pura
897 2085 1015 2150 pectora

621 2164 684 2223 Sint
707 2171 736 2222 et
758 2179 890 2237 corpora.

668 2242 789 2298 Gaudete

532 2320 582 2379 28.
616 2318 650 2376 In
673 2317 796 2376 Domino
818 2332 932 2389 semper

667 2402 691 2451 et
709 2397 818 2452 lomdolr
835 2396 920 2449 simol

531 2473 582 2531 29.
616 2471 774 2531 Pollentenr
797 2471 855 2530 iam
876 2471 907 2530 in
928 2470 1057 2542 aethere,
1083 2449 1086 2456 ¹

668 2550 772 2606 deceta
789 2550 947 2613 Ierusalem,

532 2625 582 2686 30.
616 2624 694 2696 Quae
714 2631 772 2686 etat
793 2625 822 2682 in
846 2623 969 2698 excelso,

667 2705 734 2772 quia
753 2703 967 2757 consolatorem

474 2804 482 2824 ι
533 2779 584 2839 31.
618 2777 800 2837 Sublevando
823 2778 948 2836 aetheris
970 2777 1088 2837 sedibus

618 2871 762 2936 potestate
783 2880 835 2923 nos
857 2864 967 2921 tradite

666 2942 815 3010 Dominae,

531 3017 582 3078 32.
617 3016 710 3076 Natus
732 3024 831 3075 nostra
852 3016 889 3075 ob
913 3015 1050 3087 remedia,

660 3097 797 3165 populum
815 3112 906 3161 omum,

533 3171 583 3230 33.
618 3172 741 3242 Propter
763 3186 845 3243 quern
869 3186 971 3242 passus
994 3175 1038 3228 est
1061 3169 1141 3242 dirn3

665 3249 776 3303 redemit
792 3249 942 3304 Ierusalem

531 3324 582 3382 34.
617 3322 751 3383 Confixae
775 3323 864 3382 clavis
885 3329 915 3380 et
936 3323 1044 3383 lancea.

665 3401 781 3456 Poraoit
797 3403 945 3469 Domr'mee,

529 3477 579 3537 35.
614 3476 648 3535 10
670 3477 813 3548 sapientie

615 3560 777 3637 Disponens
800 3562 895 3620 omnia

615 3645 745 3719 Superne
769 3648 872 3721 deitas,

665 3726 807 3779 oraclm'mm
825 3731 951 3781 sommum
969 3742 1058 3792 comm,

530 3800 581 3858 36.
614 3799 671 3856 Per
693 3801 768 3872 quod
792 3798 886 3860 fracte
907 3806 973 3858 suut
994 3806 1115 3874 tartare,

665 3879 697 3931 e're
715 3881 802 3933 oemle'r
820 3881 941 3933 omm'om
957 3881 1084 3949 pmliom,

528 3953 578 4015 37.
611 3951 651 4012 Ut
674 3960 897 4086 cognoscuntte
919 3954 1097 4013 conditorem
1119 3952 1249 4013 iubricae
1271 3953 1395 4027 mnndi;

664 4037 690 4085 et
707 4034 734 4086 m'
767 4034 841 4098 beret,
1187 4085 1190 4093 .

529 4105 580 4166 38.
615 4105 656 4166 Ut
677 4107 884 4179 praedixerunt
905 4106 1076 4180 prophetice
1099 4107 1244 4180 vaticinia,

665 4201 755 4239 ommes
773 4187 840 4253 fimes
858 4191 946 4255 terroe

527 4259 578 4318 39.
614 4259 704 4317 Immo
726 4261 818 4318 omnis
840 4257 1087 4320 mnndi'circulus

555 4376 560 4385 ·
663 4340 785 4393 ealmtore
802 4340 857 4394 Dei
874 4341 972 4405 mestre,

526 4412 580 4471 40.
615 4413 677 4483 Quo
700 4415 802 4474 salvati
852 4411 854 4414 ’

612 4496 720 4555 Deitali

612 4582 727 4642 Laudes
751 4585 849 4643 demus
872 4585 990 4657 gratiae.
