3409 5384
766 509 996 572 -302-

661 813 723 871 585.
750 813 786 868 In
805 812 905 869 saneti
924 812 1098 869 Michaelis.

445 991 473 1049 1.
498 988 668 1049 Gratifieum
691 988 767 1048 foret
788 999 820 1048 ut
841 1006 944 1048 munus
968 995 1121 1061 votumque
1144 988 1265 1059 piorum,

566 1068 644 1123 sinit
661 1068 775 1137 5595155
793 1069 874 1123 iuxta
893 1085 972 1123 aram
990 1069 1082 1138 derepit
1099 1076 1148 1123 ete.

446 1146 476 1206 2.
497 1143 645 1202 Emundes
667 1151 800 1215 mentem,
824 1159 931 1216 purges
954 1144 996 1201 sic
1020 1143 1142 1215 denique
1163 1141 1307 1214 linguam

565 1225 759 1291 incomperta
776 1223 939 1290 5595155555
955 1223 1077 1292 psallam
1094 1222 1144 1275 tibi
1163 1230 1212 1276 eta.

358 1399 438 1459 Trop.
461 1413 509 1447 ms.
527 1398 712 1448 Wintoniense
736 1413 805 1447 5555.
832 1393 872 1447 10.
899 1413 939 1448 ex.
975 1396 1038 1448 Ood.
1063 1395 1192 1446 Oxonien.
1210 1395 1284 1445 Bodl.
1310 1392 1372 1444 775.
1390 1395 1428 1446 A.
1448 1420 1489 1428 —

292 1465 373 1531 Trop.
391 1481 440 1515 ms.
457 1468 642 1516 Wintoniense
661 1481 729 1516 saec.
750 1463 790 1514 11.
820 1466 884 1516 cod.
903 1466 970 1517 0011.
989 1465 1067 1530 Corp.
1085 1463 1184 1514 Christi
1196 1464 1396 1529 Cantabrigien.
1419 1458 1488 1512 473.

290 1535 335 1652 gh
335 1535 474 1654 1ἷ-αΤτορ.
498 1551 546 1584 ms.
569 1535 743 1585 Vadastinum
764 1549 833 1584 5555.
863 1532 901 1584 11.
938 1533 1001 1585 eod.
1028 1532 1194 1583 Cameracen.
1219 1529 1252 1582 76
1275 1529 1336 1594 (75).
1356 1531 1386 1582 C.
1407 1528 1490 1581 —2

696 1835 758 1892 587.
785 1836 821 1891 In
839 1835 940 1892 sanati
959 1835 1063 1891 Petri.

294 2030 347 2088 la.
377 2029 523 2102 Opastar
544 2030 666 2102 egregie,
908 2027 963 2090 lb.
995 2027 1136 2099 Dignatus
1158 2028 1225 2100 quia
1246 2022 1384 2090 Christus

377 2123 538 2173 nostrorum
561 2115 674 2174 vincula
695 2116 784 2188 solve,
991 2113 1028 2170 de
1050 2120 1078 2170 te
1101 2119 1145 2171 est
1168 2113 1264 2172 dicere
1283 2114 1341 2172 ita:

780 2193 823 2246 Tu
840 2209 868 2246 es
886 2192 982 2247 Petras

447 2271 475 2328 2.
498 2268 637 2327 Firmiter
657 2270 687 2328 in
710 2285 755 2326 me
778 2265 924 2344 fundatus,
948 2268 997 2339 qui
1019 2283 1080 2325 sum
1103 2265 1186 2324 firma
1207 2271 1299 2344 petra,

564 2353 587 2402 et
605 2363 689 2415 super
706 2349 778 2402 hane
791 2353 901 2416 petram
919 2346 1068 2415 aedificabo

444 2425 473 2482 3.
496 2422 720 2492 immaculatam,
744 2424 849 2480 almam
872 2420 1029 2479 eeclesiam
1050 2437 1156 2496 meam,

291 2508 346 2563 45.
376 2505 423 2563 Ab
446 2508 554 2565 Averni
907 2506 963 2566 4b.
994 2505 1039 2563 Ne
1061 2507 1189 2579 patietur

376 2591 481 2649 latrina
670 2633 681 2651 .
882 2595 889 2610 ‘
992 2591 1085 2666 ruina,

563 2677 586 2724 et
600 2679 697 2738 portae
713 2673 798 2739 inseri
814 2688 872 2727 aon
886 2671 1085 2740 praevalebant
1103 2669 1233 2724 5515555555
1251 2686 1316 2733 eam,
1335 2675 1362 2724 et

292 2745 347 2802 55.
378 2742 495 2802 Cunctis
515 2750 546 2801 ut
908 2745 963 2804 5b.
995 2745 1036 2803 Ut
1058 2760 1144 2818 grege

376 2829 490 2899 aperias
512 2829 696 2889 credentibus
949 2865 952 2872 »
993 2821 1142 2888 ¹conimisso
1167 2825 1243 2908 [eum
1266 2825 1437 2909 pedituras

376 2912 490 2972 ianuam
512 2917 639 2989 pietatis,
996 2916 1034 2974 ad
1056 2930 1175 2974 amoena
1198 2916 1323 2976 virentia

409 2993 461 3046 tibi
479 2993 550 3048 dabo
571 2996 668 3060 claves,
1027 2995 1105 3062 renai
1124 2995 1265 3049 caelorum.

292 3067 345 3125 65.
375 3067 548 3126 Remuneret
593 3131 598 3139 ,
908 3070 965 3130 db.
993 3070 1032 3128 Ut
1055 3085 1101 3126 me
1124 3068 1266 3128 Christum

376 3159 503 3211 nostram
526 3155 650 3226 laudem,
991 3170 1136 3213 assereres

377 3239 426 3309 qui
441 3240 515 3297 hane
531 3239 585 3297 tibi
601 3240 730 3297 reddidit
745 3241 850 3297 vicem:
872 3232 876 3241 '
990 3239 1083 3299 filium
1105 3255 1168 3298 esse
1190 3239 1245 3298 Dei
1267 3238 1345 3315 vivi3

410 3319 516 3372 Beatus
533 3334 569 3383 es,
589 3318 685 3372 Simon
702 3319 839 3383 Bariana,
1026 3319 1072 3373 aed
1086 3325 1168 3388 pater
1185 3333 1258 3372 meas

410 3388 477 3453 qaia
494 3403 559 3440 aare
576 3393 600 3440 et
619 3390 736 3456 55595555
754 3404 811 3443 aaa
1024 3393 1049 3440 te
1067 3388 1186 3442 55515555
1205 3387 1304 3441 docuit.

411 3456 537 3510 revelandi
554 3457 611 3520 tibi,

359 3629 440 3694 Trop.
465 3646 513 3679 ms.
535 3631 706 3682 Martialense
732 3647 800 3682 5555.
827 3628 866 3681 10.
902 3631 965 3681 Ood.
985 3631 1102 3680 Parisin.
1129 3627 1202 3680 1084.
1220 3630 1251 3679 A.
1270 3658 1303 3666 -
1322 3632 1410 3697 Trop.
1439 3651 1501 3686 ms.

291 3697 320 3748 S.
332 3697 443 3749 Martini
455 3700 653 3749 Lemovieensis
672 3716 741 3750 saec.
765 3698 804 3750 11.
822 3703 858 3749 in.
887 3699 1082 3750 Cod.Parisin.
1105 3695 1179 3748 1120.
1198 3699 1370 3765 B.-Trop.
1391 3715 1451 3754 ms.
1467 3705 1502 3757 S.

292 3764 652 3894 zissnffffiigssesmgrieensis
669 3784 738 3818 saee.
759 3765 798 3818 11.
825 3767 890 3819 Cod.
907 3768 1024 3818 Parisin.
1045 3763 1105 3817 887.
1125 3767 1153 3818 O.
1171 3793 1212 3833 -Ι
1225 3763 1271 3826 41),
1292 3764 1305 3816 1
1326 3769 1351 3819 N
1353 3783 1394 3820 on
1405 3769 1445 3821 Α.
1460 3801 1502 3810 -—

703 4069 766 4125 588.
793 4070 828 4123 In
847 4069 950 4125 sanati
968 4070 1067 4124 Petri.

571 4259 593 4308 1.
612 4255 718 4309 Beatus
736 4273 772 4321 es,
793 4256 891 4310 Simon
908 4255 970 4308 Bar
988 4256 1067 4320 1555,

614 4325 681 4390 quia
700 4341 764 4378 caro
782 4332 806 4380 et
824 4325 943 4393 5559555
961 4341 1019 4377 aon
1037 4325 1161 4378 revelavit

293 4435 347 4494 25.
377 4432 454 4504 Tibi,
477 4431 594 4489 solidati
911 4432 966 4493 ab.
997 4431 1136 4491 Imbrium
1158 4432 1237 4490 nulla
1257 4431 1287 4489 vi

381 4526 481 4590 pet-rae
503 4515 681 4576 fundamenti
996 4519 1138 4591 perpetim
1162 4519 1254 4576 ruenti

380 4598 533 4673 constanti,
997 4600 1092 4680 nocui,
