3409 5384
720 488 951 549 -121-

316 658 396 722 Trop.
417 674 464 706 ms.
477 657 647 706 Martialense
666 672 733 708 saec.
753 655 793 708 10.
812 673 851 707 ex.
883 657 946 708 Cod.
959 659 1072 707 Parisin.
1094 654 1166 708 1118.
1180 659 1210 708 A.
1231 687 1261 693 —
1280 660 1359 723 Tropt
1377 675 1423 709 ms.

242 725 420 776 Martialonse
446 741 513 776 saec.
543 723 581 775 ll.
623 727 686 776 Cod.
710 727 824 776 Parisin.
852 723 910 776 909.
938 727 977 780 Β.,
1010 755 1028 762 -
1054 727 1132 790 Trop.
1160 742 1207 776 ms.
1232 729 1258 778 S.
1282 729 1423 793 Augustini

244 795 445 844 Lemoviaensis
468 809 535 843 saec.
557 790 595 842 11.
633 795 695 844 Cod.
714 796 828 845 Parisin.
849 791 923 844 1119.
943 795 971 844 C.
990 821 1024 828 -
1046 793 1066 854 1,
1089 792 1224 859 lpotiora
1241 811 1316 845 sacro
1335 811 1423 847 amoro

244 863 277 911 A.
300 888 335 896 -
363 859 391 921 1,
413 858 430 910 2
454 863 566 912 roboant
583 863 619 922 A,
644 865 738 913 roboat
761 865 788 914 B.
812 889 845 896 -
873 859 890 911 2
914 877 988 912 saoro
1012 868 1120 928 portans
1143 864 1180 926 A;
1204 866 1233 913 in
1256 879 1347 914 aenam
1365 865 1423 924 Bc,

265 936 352 980 ratum
370 931 407 988 A,
431 938 508 996 gratu
526 931 555 981 0.
573 957 607 964 -
625 927 641 980 2
667 931 719 980 und
740 928 756 980 3
775 932 927 996 umgestellt
944 933 987 982 BC
1004 931 1150 993 (vielleieht
1167 933 1215 982 das
1233 931 1371 997 Riohtige).
1391 963 1423 969 —

241 947 264 1048 ξ
281 999 404 1050 dilectior
421 1004 461 1049 ost
477 996 519 1058 (st.
538 996 634 1062 haesit)
650 1001 681 1050 A.
701 1026 734 1034 -
753 1000 822 1050 1110
841 1000 909 1064 folgt
926 1000 994 1049 naoh
1013 997 1042 1048 3:

284 1094 314 1142 In
333 1089 473 1159 genitor[e]
492 1109 601 1143 manens
619 1095 727 1144 verbum
746 1110 803 1142 oum
823 1099 963 1158 pneumate
981 1093 1074 1158 pandit
1090 1093 1145 1155 (eir,
1163 1095 1210 1143 Nr.
1228 1091 1285 1153 265,
1304 1094 1396 1156 llam).

567 1337 629 1394 268.
656 1339 692 1392 In
710 1339 810 1394 sanati
827 1339 973 1394 Iohannis
991 1340 1104 1404 evang.

316 1496 344 1556 1.
370 1497 485 1569 Virgine
507 1497 556 1569 qui
579 1503 662 1554 natus
685 1498 828 1568 praetexit
850 1498 986 1555 honorem
1008 1499 1138 1568 Iohanni,

412 1582 554 1654 Obsequio
577 1583 671 1640 laudis
692 1599 793 1657 pange,
817 1590 930 1640 sacrate
953 1584 1070 1642 ehoms:

452 1662 488 1714 Iu
506 1661 592 1714 media
610 1662 733 1715 cocleam
752 1663 861 1729 aperuit
879 1677 910 1715 os
927 1663 1009 1725 eiam-

313 1739 343 1796 2.
367 1735 472 1794 Hausit
494 1735 529 1792 ab
553 1744 679 1806 aeterno,
703 1741 820 1808 pateant
844 1752 926 1808 quae,
951 1735 1030 1793 fonte
1051 1734 1166 1808 fluenta,

452 1821 475 1868 et
491 1815 611 1882 impleuit
628 1832 688 1868 eum
706 1815 844 1868 Dominus
863 1815 965 1882 spiritu
985 1817 1134 1883 saptentiae
1152 1822 1177 1869 et
1193 1817 1348 1871 intellectus.

315 1893 344 1949 3.
368 1890 436 1960 Quis
458 1891 543 1947 sileat
563 1890 717 1960 hominum,
741 1895 875 1962 quantum
900 1891 1047 1948 decoravit
1069 1889 1212 1948 amicum?

450 1969 555 2022 Staium
571 1969 675 2036 gloriae
691 1968 783 2022 induit
801 1985 868 2022 eum.

231 2197 249 2245 Ι
272 2194 290 2243 h
313 2127 392 2208 Trop.
412 2121 778 2194 msMartialensesaea10.
809 2125 873 2176 Cod.
887 2126 999 2174 Parisin.
1014 2122 1087 2175 1084.
1100 2151 1133 2159 —
1147 2122 1160 2174 1
1175 2127 1285 2191 Virgine
1297 2131 1420 2189 conatusq

251 2211 269 2244 ο
292 2209 381 2244 annrs.

546 2371 608 2426 269.
635 2371 671 2424 ln
689 2385 714 2426 s.
734 2369 879 2426 Iohannis
897 2367 1121 2436 evangelistae.

355 2531 382 2588 1.
407 2529 551 2601 Splendor
572 2529 653 2606 lueis,
678 2530 768 2587 honor
791 2522 947 2586 summa‘et
971 2528 1120 2603 sapientia,
1145 2528 1279 2585 Christus

448 2609 485 2662 In
502 2609 589 2661 medio
608 2608 732 2662 eeclesiae
749 2609 859 2676 aperuit
877 2622 908 2660 os
926 2608 985 2660 eius

352 2685 381 2742 2.
405 2683 475 2740 Alta
496 2683 550 2740 sibi
574 2690 673 2740 sanata
695 2697 825 2741 reserans
848 2682 985 2754 mysteria
1007 2682 1088 2753 legis

448 2767 472 2815 et
488 2763 606 2831 impleuit
624 2779 683 2815 eura
703 2761 841 2814 Dominus
859 2761 962 2828 spiritu
980 2762 1131 2829 sapientiae
1149 2767 1173 2814 et
1191 2761 1350 2824 intellectus,

352 2840 381 2898 3.
405 2837 506 2896 Orbita
527 2854 581 2909 quo
604 2836 678 2894 vasti
700 2836 809 2908 regitur
829 2836 984 2906 spiramine
1006 2837 1121 2906 mundi3

448 2917 546 2982 stolam
562 2917 666 2983 gloriae
683 2915 776 2968 induit
793 2931 861 2968 eum.

309 3073 391 3137 Trop.
404 3087 452 3120 ms,
464 3069 668 3135 Bononiense(?)
680 3087 747 3121 saeo.
763 3070 801 3121 ll.
832 3072 888 3122 aod
909 3074 1019 3122 Roman.
1033 3072 1149 3136 Angelio.
1164 3069 1214 3123 123
1224 3070 1256 3135 (B
1268 3073 1309 3123 111
1326 3069 1375 3135 18),
1388 3100 1420 3109 -

222 3145 273 3196 Es
304 3141 375 3207 folgt
402 3156 444 3190 am
469 3140 594 3190 Sehlusse
623 3141 663 3190 als
692 3140 741 3201 ,ad
765 3137 887 3191 Glaria“:
914 3141 1005 3190 Gloria
1029 3142 1157 3189 trinitatis
1181 3140 1290 3201 devota,
1317 3140 1420 3204 hahes,

220 3211 353 3279 psallite
373 3206 479 3271 voedsl:
497 3208 620 3260 Gloria
642 3211 735 3273 patri
760 3214 807 3259 eto.

519 3453 581 3510 tto.
608 3453 643 3508 In
662 3467 703 3509 ss.
722 3452 867 3508 Iohannis
886 3451 918 3506 et
936 3452 1026 3507 Pauli
1044 3453 1085 3508 ll.
1104 3454 1145 3508 ll.

400 3612 495 3684 1.,1)e
517 3626 586 3668 nece
610 3601 784 3685 aamibaum,
808 3612 895 3668 variis
918 3613 1083 3684 magnisque
1105 3610 1235 3689 flagellis,

451 3696 588 3754 Fastibus
611 3705 637 3752 et
662 3697 760 3765 clavis,
783 3696 909 3768 lymphis
932 3703 961 3754 et
982 3697 1091 3756 laribus
1113 3698 1196 3766 acris
1220 3730 1263 3737 -

508 3775 613 3828 Multae
630 3776 821 3829 tribulationes
839 3777 983 3842 iustorum,
1003 3806 1036 3815 -

400 3852 428 3909 2.
451 3848 577 3918 lnoibuS,
601 3849 750 3924 plagisque
772 3848 924 3925 flagrisque
947 3848 1078 3923 fameque
1098 3851 1211 3925 sitique,

509 3929 539 3982 ae
556 3929 599 3981 his
617 3930 742 3983 omuibus
760 3930 881 3983 liberauit
898 3946 942 3983 eos
960 3929 1110 3995 Dominus,

399 4006 428 4064 a.
452 4003 523 4061 Tres
546 4019 650 4075 pueros
673 4004 814 4076 quondam
838 4005 888 4076 qui
909 4004 996 4062 solvit
1016 4005 1052 4062 ab
1075 4005 1149 4077 ignis
1171 4005 1277 4081 odore3

508 4082 647 4137 Dominus
666 4083 784 4135 custodit
802 4083 895 4136 amnia
913 4098 975 4135 osso
994 4098 1094 4148 aarum,

399 4160 430 4217 4.
452 4158 500 4232 Os,
524 4174 618 4230 nares,
641 4172 734 4226 aures
759 4158 865 4228 oeulos,
891 4157 1046 4230 dentesque
1070 4159 1199 4232 capillos,

507 4253 594 4290 unum
612 4252 644 4289 ea
660 4236 704 4287 lu's
722 4252 781 4288 nou
798 4241 955 4290 conteretur.

309 4397 393 4460 Trop.
417 4411 463 4444 ras.
487 4397 619 4458 Augiense
641 4408 709 4442 saec.
736 4391 775 4442 10.
811 4392 874 4442 aod.
899 4394 1070 4459 Bambergen.
1094 4394 1136 4442 Ed
1159 4396 1183 4442 V
1206 4392 1231 4444 9.
1254 4423 1286 4430 —
1310 4390 1327 4444 3
1349 4397 1417 4459 iguis

221 4470 331 4522 odore.
356 4490 387 4498 -
411 4462 430 4513 4
452 4464 594 4528 dentesque
617 4461 689 4511 fehlt.
708 4487 740 4495 —
759 4462 810 4510 Zur
834 4463 986 4526 Repetition
1015 4467 1091 4526 „post
1117 4459 1262 4527 psalmum“
1288 4462 1354 4526 folgt
1377 4462 1417 4510 als

219 4533 398 4608 prosaisohe
424 4532 599 4582 Introductio:
631 4529 734 4594 „Hodie
764 4531 882 4593 gloriosa
911 4536 1053 4594 martyrum
1084 4531 1224 4580 sollemnia
1254 4530 1415 4580 celebrantes

214 4603 400 4673 dignissime
417 4602 445 4650 in
463 4616 551 4650 eorum
570 4599 647 4650 laude
665 4597 871 4663 proclamemus:
889 4599 1018 4647 Multae
1041 4595 1303 4648 tribulationes“
1330 4603 1378 4647 ete.
