3409 5384
757 475 1000 574 ¹--au-

432 693 461 750 3.
484 691 608 760 Propter
630 686 705 757 quod
729 684 838 757 magnis
861 683 1011 742 inhiabant
1034 686 1131 743 vivere
1151 685 1254 758 lucris3

546 767 720 833 Inquireatea
737 769 826 818 uatem
844 764 995 818 Dominam
1012 781 1068 818 aon
1085 766 1244 818 minuentur

547 835 621 891 omni
639 833 716 886 bono.
750 837 807 889 Ps.:
825 832 989 886 Benedicent
1005 833 1157 886 Dominam
1174 838 1222 887 etc.

425 915 454 973 4.
478 911 533 983 Qui
554 910 612 966 iam
634 913 802 981 perpetuam
825 907 970 965 meruistis
992 906 1100 966 habere
1122 923 1265 984 coronam,

547 989 644 1042 Timete
662 986 821 1051 Dominam,
840 1000 932 1040 omnes
950 988 1040 1040 cuncti
1056 988 1114 1039 eius
1131 992 1177 1040 etc.

430 1067 458 1123 5.
482 1063 598 1121 Laudes
620 1077 696 1120 nunc
718 1077 827 1118 summo
850 1061 1008 1133 gaudentes
1030 1061 1145 1118 reddite
1168 1059 1294 1138 christo,

481 1148 535 1220 Qui
558 1165 608 1207 vos
630 1145 755 1205 aeternis
776 1146 879 1203 tribuit
902 1146 1058 1203 consistere
1081 1147 1191 1219 regnis:

545 1226 642 1282 Gloria
655 1225 735 1293 patri
754 1230 800 1280 etc.
836 1224 936 1278 Timete
952 1225 1105 1279 Dominum
1121 1230 1168 1280 etc.

374 1352 453 1417 Trop.
472 1368 520 1402 ms.
537 1352 671 1418 Augicusc
690 1365 758 1399 saec.
778 1345 818 1399 10.
845 1349 908 1399 eod.
926 1350 1100 1415 Bambergeu.
1118 1349 1160 1400 Ed
1172 1350 1196 1398 V
1213 1345 1230 1398 9
1247 1350 1280 1400 A.
1291 1376 1325 1386 -
1337 1350 1418 1401 Grad.
1436 1367 1490 1402 ms.

305 1420 416 1469 Arnoldi
434 1421 658 1485 Aquisgranensis
683 1434 751 1470 saec.
772 1414 812 1467 13.
848 1417 911 1467 Ood.
932 1419 1017 1481 Capit.
1033 1419 1227 1483 Aquisgranen.
1245 1419 1307 1470 XII.
1324 1420 1354 1468 B.
1374 1446 1406 1454 —
1425 1417 1450 1481 5,
1471 1416 1491 1469 2

306 1489 358 1550 Qui
381 1504 429 1538 nos
448 1490 479 1540 A.
496 1515 531 1522 —-
548 1489 719 1538 Binuenrcim
744 1489 772 1536 in
793 1486 865 1537 allen
881 1488 1067 1536 Hoxametcrn.
1084 1512 1117 1520 —
1133 1487 1327 1537 Vorstehcnder
1343 1489 1489 1538 Introitus·

305 1562 363 1607 text
386 1556 459 1607 dicut
479 1557 546 1620 jetzt
569 1559 598 1606 in
621 1557 745 1606 kfiraerar
770 1556 823 1605 und
847 1561 928 1604 etwas
951 1555 1110 1620 guindertar
1128 1555 1206 1604 Form
1230 1555 1271 1604 als
1292 1556 1489 1607 Gradualctaxt

305 1625 347 1675 fuir
364 1625 563 1691 Allcrheiligen.

703 1758 764 1816 197.
792 1758 827 1811 In
845 1756 946 1812 saneti
963 1757 1083 1815 Alboni-

409 1887 435 1944 1.
462 1881 577 1941 Viribus
600 1897 615 1938 e
638 1877 719 1953 totis,
742 1897 797 1952 quo
820 1880 949 1952 praemia
971 1886 1063 1938 sumat
1086 1881 1115 1938 iu
1139 1877 1238 1955 astris,

457 1970 554 2040 Atque
576 1983 702 2040 superna
722 1971 836 2039 petens,
860 1972 904 2022 ast
926 1966 997 2023 baec
1019 1973 1134 2024 terrena
1156 1966 1323 2039 relinquens

544 2046 582 2100 Im
598 2049 697 2100 virtute
713 2050 771 2109 tao,
788 2045 916 2108 Domine,
934 2044 1079 2099 laetabitur
1095 2047 1196 2110 iustas,

407 2125 436 2183 2.
460 2121 583 2180 Deditus
607 2126 650 2178 est
672 2116 773 2192 poenis
796 2121 888 2176 lactus
911 2125 1076 2176 constanter
1097 2116 1213 2180 acerbis

543 2205 573 2274 et
584 2215 668 2268 snper
686 2199 806 2253 solatore
822 2204 902 2252 tuum
919 2199 1065 2252 &saltabit
1084 2201 1262 2265 vehementer,-

408 2278 437 2336 3.
461 2275 523 2332 Hoc
545 2289 656 2346 quoque
677 2268 846 2350 promeruit,
872 2274 959 2348 digna
980 2273 1113 2331 mercede
1135 2269 1257 2349 recepit,

546 2353 711 2407 desideriam
728 2354 838 2406 animae
855 2353 914 2405 eius
931 2353 1056 2406 tribuisti
1072 2354 1105 2408 ei.

359 2479 458 2598 1ΤὲοἯ
458 2493 522 2611 t(rlus.
545 2473 768 2542 Mogontinum(?)
789 2477 851 2525 anni
876 2472 1003 2525 955-62.
1039 2475 1103 2526 Cod.
1121 2477 1269 2528 Loudineu.
1292 2477 1358 2528 Add.
1383 2475 1489 2532 19768.

304 2571 338 2581 -
374 2581 381 2608 ‚
488 2561 530 2596 uc.

688 2677 750 2733 198.
777 2677 813 2731 In
832 2677 932 2733 sancti
950 2677 1098 2766 Andreae.

412 2804 439 2866 1.
463 2803 583 2862 Gulmen
604 2803 791 2876 apostolicum
816 2803 950 2861 Andreas
972 2818 1060 2874 super
1080 2809 1160 2861 astra
1181 2802 1282 2861 beatus

459 2887 583 2960 Insignis
607 2888 720 2963 retinet,
744 2905 795 2945 nos
818 2888 886 2945 inde
909 2904 1043 2946 canamus
1065 2895 1201 2948 ovanter:
1245 2890 1253 2898 ‘

543 2966 619 3019 Mihi
635 2973 725 3020 autem
741 2967 825 3020 nimis
843 2967 970 3020 honorati
987 2972 1052 3020 sunt

406 3043 436 3101 2.
459 3041 536 3100 Miro
559 3042 714 3098 lustrantes
739 3041 874 3113 varioque
897 3041 1055 3100 vibramine
1078 3057 1203 3099 cosmum

544 3121 626 3174 amici
642 3122 692 3186 tui,
710 3120 795 3187 Deos,

408 3197 436 3257 3.
461 3193 584 3252 Sedibus
606 3195 747 3252 aethereis
770 3199 915 3267 gestantes
937 3200 1016 3252 serta
1038 3210 1092 3266 per
1112 3210 1198 3260 acon;

543 3275 627 3330 nimis
646 3276 817 3342 confortatus
835 3279 875 3328 est
887 3275 1063 3342 psammutes
1083 3289 1183 3328 eornm.

373 3399 453 3463 Trcp.
475 3415 522 3448 ms.
548 3397 719 3448 Martialense
744 3413 812 3448 saec.
838 3395 878 3448 10.
914 3397 977 3448 Cod.
996 3399 1110 3448 Parisin.
1139 3393 1212 3448 1084.
1230 3398 1262 3448 A.
1279 3425 1313 3435 -
1330 3399 1410 3464 Trop.
1434 3415 1487 3451 ms.

305 3467 477 3518 Martialense
494 3482 562 3516 saec.
583 3463 623 3515 ll.
651 3465 713 3516 Cori.
732 3468 844 3516 Parisin.
864 3463 922 3516 909.
940 3467 970 3515 Β.
983 3492 1017 3499 -
1028 3467 1108 3531 Trop.
1126 3483 1175 3516 ms.
1193 3466 1220 3518 S.
1232 3468 1376 3533 Augustini
1387 3467 1487 3520 Lemo-

304 3537 420 3586 viceuais
439 3551 507 3586 saec.
528 3533 565 3585 11.
603 3535 665 3585 Cod.
685 3536 799 3584 Parisin.
819 3531 894 3584 1119.
912 3536 941 3585 C.
959 3561 992 3568 —
1009 3535 1088 3599 Trop.
1106 3551 1154 3584 ms.
1173 3536 1199 3584 S.
1219 3536 1328 3585 Martini
1337 3533 1370 3600 (i)
1386 3537 1486 3588 Lemo·

250 3603 251 3606 ’
304 3605 420 3653 vicensis
438 3619 506 3654 saec.
526 3601 566 3653 11.
598 3602 660 3652 Cod.
679 3603 792 3652 Parisin.
811 3599 870 3652 887.
888 3605 921 3652 Ι).
934 3604 1059 3668 —Trop.
1077 3619 1125 3652 ms.
1142 3604 1334 3654 Moissiaceuse
1351 3619 1420 3655 saec.
1442 3602 1486 3656 11.

305 3671 369 3722 eoo.
387 3673 500 3722 Parisin.
519 3673 604 3722 Nouv.
623 3687 680 3736 aeq.
700 3669 774 3722 1871.
794 3671 824 3721 u.
837 3698 872 3706 -
891 3669 913 3731 1,
933 3667 945 3719 1
966 3671 1097 3721 Andream
1113 3672 1150 3734 Et
1169 3673 1246 3722 beato
1264 3675 1295 3723 A.
1309 3698 1342 3707 -
1355 3670 1378 3733 1,
1397 3670 1414 3722 2
1432 3690 1486 3725 nos

304 3740 374 3790 uude
392 3740 429 3802 133
448 3755 574 3790 canamus
592 3756 682 3790 omnes
700 3740 733 3788 E.
751 3765 784 3774 -
803 3740 850 3788 Als
870 3740 919 3801 „ad
936 3736 1087 3789 Psalmum“
1107 3741 1186 3805 fdgen
1203 3742 1249 3790 BE
1269 3742 1326 3790 bei:

471 3843 555 3892 Laeta
573 3841 666 3892 cohors
684 3843 828 3907 proclamet
846 3857 928 3891 ovans
946 3857 1016 3891 uuuc
1035 3848 1126 3892 nostra
1143 3843 1273 3893 wncndo:

543 3906 669 3971 Domine,
683 3907 811 3975 probasti
829 3922 869 3958 me
887 3911 911 3960 et
929 3908 1077 3973 coqnooisti
1094 3924 1134 3960 nte
1150 3913 1196 3960 etc.

689 4094 750 4150 199.
777 4095 812 4149 In
831 4094 931 4150 sancti
948 4095 1097 4152 Andreae.

384 4221 411 4278 1.
436 4219 571 4291 Undique
592 4219 785 4276 christicolum
808 4219 944 4277 Andreae
971 4218 1039 4276 dum
1063 4216 1137 4276 festa
1160 4226 1290 4279 recenset

435 4303 614 4362 Concurrens
637 4305 704 4361 almi
727 4299 825 4382 [laeta]
849 4320 925 4363 nunc
947 4303 1032 4360 turba
1054 4305 1207 4373 resultans,

437 4389 576 4447 Concinat
596 4388 760 4466 altithrono,
784 4390 888 4447 cecinit
910 4389 986 4461 quod
1009 4390 1084 4447 vatis
1106 4389 1214 4448 eidem:

510 4467 584 4521 Mihi
601 4472 689 4521 antem
707 4469 791 4523 nimis
809 4470 939 4521 honorati
956 4474 1022 4522 sumt
1039 4468 1186 4534 amicitiai,
1203 4469 1290 4535 Deus,

381 4545 408 4603 2.
434 4543 519 4601 Lituo
541 4541 700 4614 terrigenas
723 4548 873 4615 postquam
897 4543 1031 4600 domuere
1053 4559 1195 4616 supremo,

513 4623 596 4676 nimis
617 4623 788 4689 confortatus
807 4627 846 4675 est
859 4622 1040 4690 canapario
1058 4638 1156 4676 eonon.
