3409 5384
805 494 1021 556 ,80-

631 712 693 768 151.
721 713 756 767 In
775 685 946 768 Nntlul'tnt‘o
963 712 1080 767 Boutae
1100 712 1141 768 11.
1160 713 1198 768 l.

382 854 410 917 1.
435 853 561 927 Virginis
586 860 719 916 exortum
740 855 850 914 cunctis
874 853 1057 913 cernentibus
1078 854 1171 914 eitum

435 939 519 998 Nunc
541 955 661 1014 mecum,
685 938 801 1015 fratres,
827 939 980 1015 celebrate,
1004 955 1119 1016 quaeso,
1147 937 1297 1001 foventes:

480 1019 657 1074 Gaudeamus
674 1035 764 1074 omnes
781 1020 813 1072 in
830 1018 951 1084 Domino

381 1096 411 1154 2.
432 1092 581 1152 Laudibus
605 1090 729 1169 eximiis,
753 1091 835 1151 festis
857 1109 1026 1152 veneremur
1047 1093 1077 1150 in
1098 1087 1165 1154 istis

478 1171 547 1228 diem
563 1175 663 1241 festum
680 1173 848 1238 celebrantes,

380 1249 408 1307 3.
433 1245 567 1306 Carmina
588 1247 748 1320 psallentes
771 1253 800 1305 et
820 1248 944 1320 mystica
967 1245 1042 1304 dous
1065 1243 1192 1307 ferentes

477 1327 509 1379 in
526 1327 627 1379 honore
645 1333 756 1382 sauctae
773 1327 884 1380 Mariae
900 1325 1025 1395 uirginis,

380 1401 410 1460 4.
434 1399 523 1458 Edita
545 1395 652 1474 regalis
674 1416 747 1474 quae
770 1406 882 1459 constet
904 1399 1031 1473 germine
1053 1395 1144 1469 floris,

477 1479 509 1533 de
527 1479 606 1534 ciuus
624 1481 767 1534 nativitate
783 1480 906 1549 pandent
922 1479 1014 1547 ampeli
1031 1484 1055 1532 et
1073 1478 1232 1533 collaudant
1248 1478 1336 1548 (iliona
1353 1476 1415 1531 Dei.

381 1556 408 1613 5.
432 1552 516 1612 Nunc
537 1554 641 1612 iterum
664 1549 758 1616 dulcis
781 1555 940 1634 repetendo
962 1553 1089 1611 onrminu
1111 1547 1207 1613 leudis

396 1634 399 1639 '
473 1633 642 1701 gaudeamus
660 1649 750 1688 omues
768 1634 800 1686 iu
817 1633 945 1689 Domine.

391 1773 470 1835 Trop.
489 1789 537 1824 ms.
555 1775 687 1840 Augiense
705 1761 772 1824 suiec.
794 1772 834 1825 10.
871 1772 934 1823 Cod.
953 1773 1126 1838 Bambergen.
1143 1772 1185 1821 Ed
1198 1773 1223 1822 V
1239 1769 1264 1822 9.
1283 1796 1317 1814 -
1334 1772 1389 1822 Der
1402 1772 1495 1836 jetzige

323 1841 507 1891 Introitustext
524 1845 559 1892 ist
578 1843 697 1904 „Salve
721 1848 843 1893 sancta
865 1837 1012 1905 parens.“

629 2059 690 2114 158.
719 2059 753 2112 ln
772 2059 943 2115 Nativitnto
961 2058 1078 2113 Bentne
1096 2058 1137 2113 11.
1157 2059 1193 2114 V.

477 2205 505 2267 1.
530 2203 636 2262 Sancta
657 2203 713 2262 Dei
735 2199 869 2275 genetrix
892 2203 978 2261 hodie
1001 2203 1182 2274 resplenduit
1203 2197 1285 2277 orbi;

578 2282 754 2336 Gaudeamus
774 2297 866 2336 omnes
883 2283 915 2335 in
932 2281 1056 2335 Domino
1075 2281 1144 2334 diem
1161 2284 1259 2349 festum

580 2351 740 2404 celebrantes
759 2352 809 2404 sub
827 2351 927 2404 honore
945 2351 1036 2404 beatae
1056 2349 1167 2403 Mariae
1184 2350 1310 2420 cirpinio,

477 2428 506 2486 2.
530 2425 603 2483 Esse
626 2426 681 2483 Dei
703 2421 836 2497 genetrix
860 2441 932 2497 quae
955 2424 1083 2482 creditur
1104 2420 1324 2504 omniparentis,

576 2505 607 2557 de
626 2506 706 2560 cuius
723 2505 868 2558 nativitate
884 2503 1003 2573 gaudent
1019 2503 1118 2571 anani,

476 2580 505 2639 3.
529 2578 577 2638 Sic
599 2580 647 2651 pia
668 2595 739 2651 prae
762 2574 874 2639 cunctis
896 2578 1000 2635 meruit
1021 2579 1098 2650 quod
1121 2578 1201 2651 virgo
1224 2572 1315 2648 beeri,

577 2665 601 2712 et
619 2658 779 2712 collaudant
797 2659 886 2726 filiurn
903 2657 965 2710 Dei.

388 2797 465 2862 Trop.
479 2813 528 2849 ms.
538 2798 565 2849 S.
575 2797 678 2848 Arnulfi
688 2799 815 2849 Metensis
828 2813 898 2848 saec.
912 2793 951 2846 12.
963 2799 1000 2848 in.
1023 2797 1088 2847 Cod.
1097 2798 1194 2846 Meton.
1204 2792 1263 2847 452.
1275 2822 1310 2832 -
1323 2794 1336 2846 1
1346 2799 1429 2848 Beata
1437 2795 1490 2847 Dei.

624 3016 685 3073 159.
713 3017 748 3070 lu
767 3016 938 3074 Natiuitnte
956 3015 1072 3072 Bentuo
1090 3015 1132 3082 ld.
1152 3016 1187 3072 V.

453 3159 480 3218 1.
504 3159 528 3218 0
551 3175 633 3231 quam
658 3159 737 3216 clara
758 3159 842 3235 nites,
866 3159 932 3231 agui
954 3157 1149 3229 pulcherrima
1168 3156 1289 3229 sponsa!

555 3237 667 3292 Vultum
684 3237 762 3291 tuum
778 3237 995 3306 deprecabantur
1013 3252 1103 3289 omnes
1122 3237 1218 3289 diuites
1232 3235 1330 3303 plebis,

453 3315 482 3372 2.
505 3312 546 3372 Ut
568 3313 640 3370 caeli
661 3313 690 3369 in
713 3312 838 3370 thelsmo
860 3328 975 3385 semper
995 3328 1070 3368 nova
1092 3312 1203 3368 cantica
1225 3311 1367 3389 psallent3

550 3391 722 3445 adducentur
738 3393 795 3459 cepi
811 3392 929 3460 cirpiues
943 3396 1010 3459 poet
1028 3406 1087 3443 eam
1100 3389 1247 3457 proximae
1267 3389 1334 3458 eius,

452 3468 481 3528 3.
504 3465 707 3538 Angelioisque
730 3466 824 3523 choris
846 3466 960 3523 iunctae
978 3465 1121 3522 laetentur
1143 3465 1173 3521 in
1195 3479 1305 3533 aevum,

550 3544 717 3599 adducentur
733 3545 784 3598 tili
800 3545 832 3598 iu
850 3545 955 3598 laetitia
972 3550 996 3597 et
1013 3545 1199 3597 exsultatione.

451 3621 480 3678 4.
504 3619 684 3677 Processisse
706 3626 826 3691 paterno
850 3635 885 3677 ex
908 3625 1025 3691 pectore
1047 3625 1085 3689 te,
1109 3617 1182 3675 bone
1205 3618 1280 3691 lesu,

502 3704 619 3777 Egregii
640 3705 714 3762 vatis
738 3705 779 3762 sic
803 3705 875 3763 dive
891 3707 1024 3776 poemate
1045 3707 1180 3761 narrant:

548 3783 695 3836 Eructavit
713 3799 758 3838 eor
775 3801 860 3837 meum
877 3784 983 3838 uerbum
1001 3784 1100 3837 bonurn
1119 3788 1165 3836 etc.

388 3922 467 3987 Trop.
485 3925 670 3974 Wintoniense
692 3940 760 3974 saec.
781 3921 819 3974 10.
838 3940 878 3974 ex.
915 3923 1126 3977 Cod.1010nien.
1145 3922 1218 3971 Bodl.
1238 3919 1295 3971 775.
1314 3920 1486 3981 11.-1101).

319 4004 367 4038 ms.
386 3992 569 4042 Wintoniense
587 4007 656 4042 saec.
677 3990 716 4041 11.
746 3994 809 4043 Cod.
828 3993 896 4043 Coll.
916 3991 992 4054 Corp.
1011 3992 1109 4042 Christi
1128 3991 1323 4056 Cantabrigien.
1341 3987 1401 4040 473.
1411 3990 1440 4038 Β.
1456 4008 1487 4019 -

319 4057 399 4122 Trop.
417 4074 465 4107 ms.
485 4059 671 4110 Glastoniense
687 4058 921 4124 (tCantusriense)
938 4076 1006 4123 saec.
1027 4058 1066 4108 11.
1085 4075 1124 4108 ex.
1142 4057 1178 4121 (et
1195 4056 1244 4121 12.)
1272 4058 1334 4110 Cod.
1347 4057 1486 4108 Londinen.

320 4127 405 4192 Celig.
430 4126 453 4175 A
476 4127 548 4176 XIV.
573 4128 600 4178 C.
620 4154 652 4163 -
670 4131 749 4194 Trop.
774 4146 821 4178 ms.
844 4130 1044 4179 Nonantulense
1067 4143 1135 4177 saec.
1162 4124 1201 4176 ll.
1226 4129 1261 4175 in.
1297 4127 1361 4177 Cod.
1383 4128 1485 4176 Romm

319 4195 385 4245 viu.
403 4195 498 4244 Eman.
519 4191 592 4246 1343.
610 4194 713 4259 (Sessor
731 4195 781 4262 62),
794 4200 828 4248 Ι).
846 4223 879 4231 -
897 4198 976 4263 Trop.
994 4213 1042 4246 ms.
1054 4196 1253 4247 Nonantulense
1271 4209 1340 4245 saec.
1360 4192 1399 4244 11.
1427 4189 1484 4241 (lod

318 4264 430 4314 Roman.
455 4264 613 4314 casanaten-
639 4263 704 4314 1741
727 4264 757 4328 (C
774 4267 813 4316 IV
835 4262 867 4329 2).
886 4266 918 4315 Ε.
937 4291 969 4299 -
987 4266 1066 4329 Trop.
1089 4280 1136 4313 ms.
1156 4263 1181 4312 S.
1200 4262 1338 4314 Benedicti
1354 4258 1485 4313 Manum

319 4346 388 4382 saec.
416 4327 456 4381 11.
493 4332 556 4382 Cod.
583 4333 668 4398 Capit.
694 4335 824 4383 Veronen.
850 4334 924 4384 CVII
945 4329 1022 4395 (100).
1040 4335 1069 4384 F.
1087 4362 1120 4369 -
1138 4332 1217 4396 Trop.
1240 4347 1288 4380 ms.
1306 4331 1484 4382 Novnliciense

319 4414 387 4450 saec.
408 4398 448 4450 11.
479 4400 542 4452 Cod.
561 4399 689 4452 Oxonien.
702 4404 794 4452 Douoe
811 4399 870 4451 222.
883 4402 914 4452 G.
932 4430 966 4438 -
985 4400 998 4450 1
1017 4404 1085 4451 nitet
1097 4400 1199 4452 AEFG.
1216 4425 1251 4434 -
1269 4396 1377 4463 2EtF3
1395 4396 1485 4463 psallet

317 4469 352 4519 D.
370 4494 405 4504 -
422 4467 439 4519 3
456 4470 531 4519 chori
549 4471 587 4533 D;
606 4471 690 4520 iuncti
708 4471 740 4531 G,
758 4473 849 4520 iuncta
866 4472 905 4532 D3
924 4470 1037 4520 laetetur
1055 4471 1087 4518 D.
1106 4494 1140 4503 —
1157 4468 1212 4518 Der
1228 4469 1414 4519 Introitustext
1428 4461 1483 4514 inF

317 4538 354 4586 ist
372 4536 490 4602 „Salve
514 4543 631 4588 sancta
655 4535 793 4603 parens“
820 4545 876 4595 etc„
896 4537 1066 4589 bekanntlich
1084 4537 1131 4587 der
1144 4536 1211 4600 jetzt
1227 4537 1276 4586 eut
1289 4537 1376 4587 Marii
1391 4533 1484 4587 Geburt

317 4605 528 4670 gebrtuohliche.
546 4632 580 4640 —
600 4607 650 4657 Str.
668 4605 685 4656 4
705 4607 761 4668 „Ao
777 4603 928 4657 Psslmum“
946 4607 1012 4657 fehlt
1028 4606 1120 4656 D-G.
