3409 5384
721 533 954 595 -125-

622 700 684 757 ute.
712 700 747 754 lu
766 701 866 756 sancti
884 699 1054 757 Laurentii.

381 845 409 902 1.
432 843 488 915 En,
511 850 569 916 tua,
593 843 740 914 Laurenti,
764 844 883 900 colimus
905 843 1056 900 sollemnia
1078 841 1203 914 prompti

474 928 586 988 Obuixa
609 945 747 986 summum
770 936 865 985 mente
888 927 1008 985 colendo
1032 927 1133 988 Deum.

521 1008 663 1074 Confessio
682 1014 706 1061 et
719 1007 900 1075 pulchritudo
917 1008 949 1059 in
967 1013 1112 1074 conspectu
1129 1008 1196 1071 eius,

377 1084 408 1143 2.
433 1081 508 1140 Laus
532 1090 561 1138 et
583 1083 681 1153 bonor,
705 1082 836 1141 iubilatio
859 1083 1065 1154 atqucuiecus,

521 1161 662 1215 Sanctitas
680 1168 704 1216 ei
721 1162 930 1230 maqnificentia,

377 1237 406 1295 3.
429 1234 507 1305 Quae
530 1253 581 1292 sua
604 1236 777 1308 martyribus
801 1235 919 1307 praebet
943 1233 1068 1293 fomenta
1092 1232 1221 1292 locandis

519 1315 556 1366 In
574 1315 789 1382 sanctificatione
807 1317 873 1367 eins.

313 1437 395 1502 Trop.
415 1453 462 1486 ms.
476 1439 609 1503 Augiense
628 1453 696 1487 saec.
717 1435 756 1487 10.
787 1438 850 1488 Cod.
864 1438 1035 1502 Bambergen.
1048 1436 1090 1485 nd
1103 1437 1126 1484 V
1143 1433 1167 1485 9.
1181 1435 1211 1484 Α.
1229 1463 1263 1469 -
1281 1437 1361 1502 Trop.
1376 1453 1424 1488 ms.

238 1506 404 1556 Prumienee
428 1521 496 1556 saec.
523 1502 587 1556 ¹⁰irr.
623 1507 687 1556 Cod.
706 1508 820 1556 Parisin.
846 1502 922 1555 9448.
942 1508 970 1554 Β,
989 1533 1023 1538 -
1040 1506 1119 1569 Trop.
1138 1520 1186 1555 ms.
1203 1505 1341 1556 Mindenee
1359 1507 1423 1554 anni

237 1569 320 1624 1024.
357 1573 420 1625 000.
439 1574 588 1624 Beroliuen.
606 1573 703 1624 Theoi:
717 1572 812 1624 lv·ll.
832 1576 860 1625 C.
879 1601 914 1607 —
931 1570 947 1622 2
965 1576 1036 1623 Laus
1054 1573 1138 1622 honor
1156 1579 1182 1624 et
1198 1575 1235 1637 Β;
1253 1573 1339 1624 dieser
1356 1574 1425 1624 Vere

236 1642 348 1693 scheiut
365 1643 547 1692 verstiimmelt
565 1658 597 1691 zu
616 1645 681 1692 sein.

625 1809 687 1864 ⁸280.
715 1809 750 1863 lu
768 1808 868 1864 sancti
886 1808 1045 1864 Laurenti.

510 1944 650 2011 Confessio
668 1950 691 1997 et
705 1944 885 2011 pulchritudo
903 1946 934 1996 in
952 1948 1093 2010 conspmtu
1111 1944 1178 2008 eiua

402 2021 430 2079 1.
455 2021 543 2076 Astra
565 2019 624 2090 poli
649 2019 715 2076 dum
740 2019 907 2076 conscendit
929 2018 985 2075 iam
1009 2026 1101 2074 morte
1124 2018 1254 2091 devicta;

510 2099 644 2152 sanctitas
662 2104 687 2150 et
704 2098 903 2166 maanificentia

401 2175 431 2234 2.
455 2172 610 2230 Victricem
632 2173 736 2229 meruit
759 2173 883 2243 palmam
906 2180 1068 2244 sectamque
1093 2171 1244 2228 micantem

508 2253 540 2304 in
557 2252 771 2320 sanctificatione
788 2253 854 2304 eius.

311 2375 394 2439 Trop.
414 2391 461 2423 ms.
474 2375 673 2425 Nonuntulenae
691 2389 759 2424 saec.
781 2373 820 2424 11.
837 2376 874 2424 in.
904 2375 968 2425 Cod.
981 2376 1044 2423 Vitt.
1058 2374 1152 2422 Eman.
1167 2370 1233 2424 1343
1244 2373 1355 2435 (Sessar.
1370 2372 1422 2433 62).

232 2445 274 2493 A.
292 2469 329 2477 —
346 2444 424 2508 Trop.
448 2459 495 2492 ms.
515 2444 714 2493 Nonantuiense
733 2459 800 2493 saec.
821 2441 861 2493 ll.
897 2443 961 2494 Cod.
980 2444 1125 2492 Bononien.
1144 2439 1219 2492 2824.
1237 2445 1268 2492 Β.
1287 2470 1323 2477 -—
1340 2444 1422 2509 Trop.

232 2527 291 2562 ms.
309 2513 512 2563 Nouantuleuse
530 2527 598 2561 saec.
619 2509 658 2561 11.
689 2512 752 2562 000.
772 2513 929 2562 Casanaten.
950 2508 1013 2561 1741
1031 2512 1062 2571 (C
1074 2511 1111 2559 IV
1129 2507 1161 2572 2).
1175 2512 1204 2561 C.
1222 2538 1257 2544 —
1273 2511 1353 2577 Trop.
1373 2528 1421 2564 ms.

233 2582 269 2632 S.
293 2579 431 2630 Benedicti
457 2582 596 2629 Mantuani
621 2595 688 2630 saec.
715 2577 751 2629 11.
788 2581 851 2631 Cod.
877 2579 962 2642 Cepit.
986 2580 1117 2630 Veronen.
1143 2580 1216 2629 cvll
1239 2576 1316 2642 (100).
1334 2580 1368 2629 Ι).
1388 2607 1424 2615 -

235 2647 252 2699 1
271 2648 351 2698 nsua
369 2648 437 2698 caeli
450 2650 506 2698 BD.
525 2674 560 2682 —-
577 2645 593 2696 2
611 2649 699 2712 palma
718 2653 837 2713 sertaque
858 2649 971 2698 micante
982 2649 1013 2697 Β.
1031 2675 1066 2682 -
1083 2649 1114 2697 10
1126 2649 1151 2697 D
1170 2648 1209 2697 ais
1223 2648 1279 2712 „nd
1290 2650 1421 2713 Repeten-

231 2713 320 2767 dum“
340 2716 408 2766 nach
426 2718 490 2778 001
513 2717 602 2766 caeli
625 2716 680 2778 (Νο.
701 2714 767 2779 277).

626 2884 688 2940 usi.
716 2885 753 2939 In
771 2884 895 2940 0000100
914 2882 1037 2939 Luciue.

400 3026 427 3086 1.
452 3024 500 3082 Sic
523 3028 603 3098 regni
626 3027 727 3083 statuis
750 3027 837 3098 leges,
861 3027 903 3082 sic
926 3032 1028 3082 cuncta
1050 3040 1182 3082 coerces:

507 3105 638 3158 Dilexisti
655 3106 789 3158 iustitium
807 3112 830 3158 ct
848 3105 932 3158 odisti
949 3104 1132 3171 iniquitatem,

400 3182 429 3241 2.
453 3179 591 3239 Omnibus
613 3178 685 3236 baec
706 3180 845 3237 imitanda
866 3180 923 3252 piis
944 3179 1077 3250 exempla
1099 3178 1280 3256 relinquens3

505 3263 648 3326 properea
665 3261 746 3312 unait
763 3264 786 3311 te
803 3259 880 3311 Deus
899 3264 963 3312 tuuc
984 3258 1040 3312 oleo
1058 3258 1183 3324 laetitiae,

398 3335 427 3393 3.
451 3333 505 3404 Qut
528 3333 583 3389 sibi
607 3333 776 3404 condignam
801 3333 907 3404 delegit
929 3341 957 3389 tc
980 3331 1042 3389 fore
1065 3348 1199 3403 sponsam

506 3427 575 3479 prae
593 3412 761 3466 consortibus
782 3413 845 3465 tuis.

309 3534 390 3599 Trop.
414 3550 462 3583 ms.
487 3533 513 3583 S.
539 3533 640 3583 Amulfi
664 3536 791 3584 Metensis
816 3550 884 3584 saec.
912 3533 950 3585 12.
974 3537 1008 3585 in.
1045 3535 1108 3585 Cod.
1132 3537 1230 3585 Meton.
1252 3529 1311 3582 452.
1335 3531 1366 3581 Α.
1385 3557 1421 3567 -

232 3603 321 3668 Trop.
340 3618 389 3652 ms.
406 3603 593 3654 Glastoniense
610 3605 632 3665 (i
639 3601 839 3665 cantuariense)
857 3619 924 3653 saec.
946 3600 984 3652 ll.
1004 3619 1043 3652 ex.
1060 3599 1097 3665 (et
1116 3599 1165 3664 12.)
1194 3602 1257 3652 000.
1270 3600 1419 3651 Londineu.

234 3670 327 3736 Calig.
347 3671 371 3720 A
388 3671 452 3720 XIV
467 3672 497 3720 B.
516 3698 551 3704 —
567 3667 583 3720 2
602 3672 655 3720 tuis
676 3669 717 3733 (st.
736 3670 798 3736 piis)
810 3673 839 3720 B.
858 3699 893 3705 -
909 3670 925 3722 3
943 3672 1009 3720 fehlt
1020 3673 1050 3721 Β.
1068 3699 1102 3705 —
1118 3673 1184 3721 InB
1203 3672 1239 3721 ist
1255 3671 1302 3721 der
1313 3670 1419 3733 Tropus

231 3741 272 3791 de
292 3740 432 3790 Communi
450 3740 597 3804 Virginum.
947 3759 950 3765 ·

617 3872 679 3929 ⁶282.
710 3873 745 3926 ln
764 3871 864 3926 suncti
881 3872 1037 3939 maglorii.

400 4017 427 4076 1.
450 4016 538 4085 Quem
561 4016 632 4073 caeli
657 4016 741 4090 cives,
765 4017 851 4072 terris
874 4031 1043 4073 veneramur
1065 4023 1193 4089 ovanter,

455 4099 577 4160 Votiferi
600 4100 714 4158 celebre
736 4101 879 4158 solvamus
902 4101 1018 4158 concine
1040 4101 1172 4159 laudum:

507 4179 611 4234 Statuit
628 4180 653 4232 ei
670 4179 809 4232 Dominus
826 4185 1011 4234 testamentum
1025 4181 1115 4248 pauo,

399 4256 428 4316 2.
452 4253 505 4324 Qui
527 4253 583 4311 sibi
605 4254 777 4326 principium
800 4255 877 4313 vitae
899 4254 1039 4326 finemque
1061 4254 1203 4331 sacravit3

506 4338 529 4385 ct
546 4333 697 4401 principem
714 4335 778 4400 fecit
795 4350 863 4398 cun,

398 4408 427 4466 3.
451 4407 584 4465 Liberius
608 4408 721 4465 solitum
745 4424 801 4479 quo
823 4414 919 4478 posset
942 4408 1054 4466 solvere
1076 4424 1201 4482 censum,

506 4491 537 4539 ut
555 4487 592 4540 sit
611 4487 653 4540 iiii
670 4486 817 4541 sacerdotii
834 4487 963 4554 dionitas,

398 4562 427 4619 4.
450 4559 539 4630 0000
563 4561 782 4620 commendabat
805 4563 915 4618 meritis
938 4561 1044 4620 collata
1066 4567 1193 4632 potestas

507 4640 538 4692 iu
555 4647 699 4695 murnum.
