3409 5384
667 501 968 581 ‚-341-

654 754 718 811 aaa.
745 755 790 811 lla
809 756 917 811 sancto
936 755 1055 811 Roclro.

248 906 317 968 1a.
350 907 472 964 Praeter
494 907 609 965 solitum
631 906 717 972 ritum
884 906 938 969 lb.
967 907 1029 965 Nec
1051 909 1128 966 sinas
1150 924 1204 981 per
1226 915 1336 967 reatum

349 992 482 1050 Ecclesia
504 998 533 1049 te
555 998 686 1051 sanctum
967 994 1148 1053 Pertransire
1169 996 1336 1053 mandatum

393 1078 463 1137 Orat
483 1084 585 1154 mater,
1009 1078 1128 1155 Christi,
1152 1086 1244 1151 pater.

247 1224 315 1283 2a.
347 1222 473 1293 Virtute,
496 1212 553 1295 qua
575 1228 607 1281 tu
629 1229 739 1295 pestem
879 1220 936 1282 ab.
963 1224 996 1281 ln
1019 1229 1166 1282 aeternam
1188 1228 1315 1297 requiem

349 1307 448 1380 Coras,
472 1308 590 1381 spiritns
613 1309 681 1366 item
965 1307 1029 1365 Duc
1051 1309 1161 1368 intrare
1182 1309 1335 1386 hominem,

391 1394 543 1465 Operatur.
1008 1395 1098 1466 Quam
1121 1400 1277 1456 scrutatur.
1300 1432 1302 1437 -

247 1540 275 1598 3
287 1554 314 1596 a.
349 1537 405 1595 Dei
426 1554 480 1611 per
500 1538 620 1611 imperia
713 1556 715 1560 ’
878 1536 935 1599 ab.
962 1540 1025 1598 Tua
1046 1539 1120 1598 bene
1141 1540 1245 1598 merita

348 1624 382 1681 ln
407 1630 523 1683 aeterna
545 1624 637 1698 gloria
963 1625 1072 1683 Nostra
1093 1630 1208 1698 tergant
1230 1624 1346 1695 delicta,

390 1708 455 1767 Stas
476 1725 573 1769 suave.
1007 1710 1111 1769 Sancte
1133 1708 1241 1770 Rache.

327 1886 404 1937 Miss.
428 1884 602 1937 Atrebatense
626 1889 688 1953 imp.
715 1904 735 1938 s.
758 1888 776 1937 l.
802 1883 876 1937 1508.
902 1887 933 1936 Α.
952 1913 986 1921 -
1003 1888 1077 1937 Miss.
1096 1888 1269 1939 Atrebatense
1294 1889 1356 1952 imp.
1381 1904 1402 1938 a.
1425 1887 1444 1936 1.

245 1949 362 2019 {1518}
380 1956 410 2003 B.
429 1980 462 1988 —
481 1952 529 2017 2b,
548 1952 564 2006 3
583 1958 656 2018 Quae
675 1958 704 2006 B.

625 2208 687 2265 cal.
715 2210 759 2264 lle
778 2210 885 2265 sanato
906 2208 1074 2278 Stephano.

702 2377 730 2435 1.
754 2376 904 2433 altissimo

753 2462 847 2519 laudis
873 2462 1028 2533 praeconio

247 2609 316 2665 2a.
348 2605 429 2664 Haec
450 2612 564 2666 resonet
586 2606 707 2664 ecclesia
876 2606 932 2669 ab.
957 2604 1050 2665 Primi
1072 2607 1208 2681 martyris
1228 2607 1358 2681 gloriam.

248 2754 313 2812 3a.
347 2750 424 2809 Hinc
450 2751 536 2809 hodie
560 2751 721 2810 dulcisonas
878 2751 934 2811 ab.
962 2752 1039 2811 odas
1061 2752 1092 2809 in
1114 2753 1201 2810 caelis
1223 2753 1348 2812 omnium

699 2899 729 2960 4.
752 2897 999 2971 Archangelorum
1023 2898 1103 2955 chori

751 2984 901 3043 resultent.

325 3158 401 3207 Miss.
425 3174 472 3207 ms.
497 3157 803 3223 Claustroneoburgensc
827 3174 895 3209 saec.
922 3156 962 3209 14.
984 3162 1020 3209 in.
1062 3160 1125 3211 cod.
1150 3160 1434 3225 Claustroneoburgen.

244 3222 297 3276 73.
316 3227 368 3275 Mit
385 3226 507 3276 Melodie.
526 3252 559 3261 —
579 3225 601 3288 l,
620 3224 636 3277 2
654 3229 803 3292 praeconia.

643 3462 705 3519 aaa.
720 3440 777 3518 Μ
796 3464 906 3519 sancta
923 3464 1048 3520 Ursulo.

246 3632 309 3691 la.
343 3632 366 3691 0
387 3632 505 3710 Ursula,
529 3648 634 3703 sponsa
657 3633 775 3705 Christi,
873 3634 931 3693 lb.
959 3635 1003 3692 Tu
1025 3638 1120 3690 mente
1141 3637 1234 3690 mater
1256 3629 1346 3704 fuisti,

344 3717 422 3787 Quae
443 3716 605 3789 lampadem
629 3718 766 3776 curavisti
957 3720 1027 3779 Cum
1051 3718 1176 3793 virgines
1198 3718 1333 3775 monuisti

383 3802 534 3861 Adornare
557 3802 656 3881 nitide,
1000 3803 1087 3876 Sequi
1110 3802 1254 3861 Christum
1276 3800 1398 3864 fervide.

243 3952 306 4008 2a.
340 3947 409 4005 Oleo
432 3962 488 4005 non
511 3946 638 4025 caruisti,
868 3948 925 4010 2b.
954 3950 1028 4006 Vota
1050 3948 1164 4006 Christo
1188 3946 1352 4017 reddidisti,

342 4030 399 4089 Sed
421 4031 582 4105 lampadem
604 4034 770 4110 accendisti,
952 4033 1005 4093 Cui
1026 4048 1134 4091 summe
1156 4032 1300 4106 placuisti,

381 4116 422 4176 Ut
443 4118 552 4176 luceret
577 4121 697 4194 ceteris3
997 4119 1078 4177 Dans
1101 4119 1264 4191 exemplum
1286 4119 1421 4191 posteris.

243 4268 305 4326 3a.
340 4261 506 4334 Coniugium
529 4263 696 4337 despexisti,
867 4264 924 4325 ab.
951 4266 1029 4323 Ante
1051 4265 1159 4323 vultum
1183 4265 1248 4322 lesu
1270 4262 1379 4323 Christi

337 4346 510 4421 Martyrium
530 4349 646 4408 sitivisti
952 4349 1114 4422 Suffragare
1136 4350 1222 4407 choro
1244 4348 1302 4425 isti,

381 4432 421 4489 Et
444 4433 537 4493 vicisti
559 4440 683 4495 strenue.
993 4438 1178 4511 Quaesumus,
1202 4434 1327 4493 assidue.

317 4610 396 4660 Miss.
415 4610 661 4663 Fontisebraldense
680 4615 742 4678 imp.
761 4613 872 4663 Parisiis
893 4608 966 4663 1606.
