3409 5384
692 539 901 601 ..59-

624 758 686 813 129.
713 758 748 812 In
766 758 979 814 Pentecoste.

316 899 344 959 1.
369 898 500 973 Sanetus,
522 907 569 970 en,
593 901 720 968 veniens,
743 906 905 958 sanctorum
928 907 1046 974 pectora
1069 900 1195 958 lustrans

446 978 569 1048 Spiritus
587 979 703 1034 Domiui
720 980 830 1047 replevit
847 980 934 1033 orbem
950 984 1093 1044 terrarum,

315 1056 343 1114 2.
366 1053 414 1130 Et,
438 1055 505 1125 qnia
527 1059 669 1112 terrarum
690 1052 848 1112 flammavit
870 1069 966 1128 regna,
988 1069 1140 1126 canamus3

445 1138 470 1186 et
487 1135 544 1198 hoc,
562 1133 635 1201 quod
653 1134 771 1187 coutiuet
788 1135 889 1199 omuia,

315 1209 345 1266 3.
368 1208 492 1265 Pectora
514 1206 672 1281 confirmat,
695 1207 856 1280 linguarum
879 1209 976 1266 clausa
998 1208 1131 1265 relaxans

446 1288 589 1340 seientiam
605 1287 683 1340 tacu
699 1289 780 1340 cocis
1041 1295 1042 1298 ’

274 1426 326 1475 Die
343 1425 464 1492 gleichen
476 1426 596 1488 Quellon,
611 1429 662 1476 wie
673 1428 716 1477 bei
728 1427 775 1477 der
786 1426 1018 1493 vorhergehenden
1029 1427 1163 1488 Nummer,
1182 1443 1385 1493 ausgenommeu

203 1493 234 1556 1,
257 1495 341 1543 wofiir
358 1494 439 1560 Trop.
463 1511 512 1545 me.
533 1497 560 1545 S.
578 1496 668 1545 Aredii
688 1497 883 1546 Lemovioensis
901 1510 970 1545 saec.
990 1492 1030 1545 11.
1066 1496 1129 1546 Cod.
1148 1498 1263 1548 Parisin.
1281 1493 1332 1548 903
1351 1494 1386 1559 (1)

202 1563 317 1611 cintritt
336 1588 369 1596 -
389 1561 401 1612 1
419 1569 572 1613 cunctorum
588 1565 630 1620 (st.
649 1562 808 1625 sanctorum)
825 1564 905 1613 BCD.
923 1590 957 1598 —
975 1560 991 1613 3
1009 1563 1165 1614 confirmans
1183 1566 1232 1618 HI.

275 1633 327 1680 Mit
344 1632 525 1682 verlindertem
536 1632 641 1698 Anfaug
660 1631 741 1682 findet
758 1633 815 1681 sich
833 1633 921 1682 dieser
932 1633 1036 1697 Tropus
1054 1635 1096 1682 iu:
1114 1634 1193 1698 Trop.
1206 1649 1254 1683 ms.
1267 1632 1385 1683 Samma-

200 1698 356 1763 glorianum
382 1715 451 1750 saec.
479 1698 519 1750 12.
562 1700 626 1750 Cod.
651 1702 762 1750 Parisin.
793 1696 888 1751 13252.
914 1702 946 1750 Κ.
970 1719 1009 1734 -’
1025 1702 1104 1767 Trop.
1128 1718 1175 1751 ms.
1199 1703 1385 1754 Glestouiense

197 1765 433 1831 (Pcantuariense)
456 1783 524 1819 saec.
549 1764 588 1819 ll.
612 1784 652 1819 ex.
675 1767 712 1829 (et
730 1765 781 1829 12.)
815 1769 880 1819 Cod.
899 1769 1045 1820 Londinen.
1065 1771 1149 1836 Calig.
1168 1772 1190 1820 A
1209 1772 1281 1822 XIV.
1299 1773 1330 1821 L.
1349 1798 1382 1807 —

197 1835 283 1954 ξομ
310 1852 359 1886 ms.
383 1837 569 1953 lpovaliciense
597 1853 665 1886 saec.
695 1833 733 1886 11.
765 1837 827 1888 Cod.
850 1839 979 1888 Oxonien.
1003 1841 1093 1888 Douce
1115 1835 1174 1892 222.
1197 1840 1233 1889 Μ.
1259 1865 1293 1874 -
1316 1841 1385 1890 Dort

228 1908 290 1954 utet
305 1904 373 1955 Vera
414 1919 421 1957 τ

361 2006 485 2073 Spiritus,
504 2025 571 2069 ecce,
590 2011 670 2067 veuit,
689 2013 838 2058 sanctorum
858 2008 938 2059 corda
955 2009 1075 2074 replevit,

410 2076 468 2138 Eia,
487 2073 608 2140 Spiritus
625 2073 742 2126 Domiui
758 2074 869 2140 repleuit
887 2074 975 2126 orbem
992 2079 1127 2127 terrorum
1144 2079 1190 2128 ete.

272 2177 307 2226 11
324 2178 353 2225 M
371 2191 421 2225 nur
438 2177 525 2228 dieser
544 2174 566 2226 1.
585 2179 663 2237 Vens,
683 2178 754 2227 daun
772 2179 817 2228 der
835 2181 1022 2228 Introituutext
1040 2179 1108 2229 ohne
1125 2181 1303 2244 Tropierung,
1322 2179 1382 2229 dem

194 2244 262 2294 sich
285 2244 458 2294 unmittolbar
480 2243 540 2310 („ad
562 2243 770 2311 Repetenduirr“)
792 2249 835 2296 ein
853 2249 956 2312 Trcpus
979 2249 1006 2297 in
1024 2249 1108 2298 Prusa
1132 2248 1294 2299 anschlielst.
1313 2273 1347 2282 -
1367 2243 1384 2298 3

192 2311 365 2363 confirmans
382 2314 416 2363 Κ.

625 2481 687 2537 leo.
714 2464 750 2535 Iu
768 2483 963 2538 Pentecoste.

321 2625 349 2685 1.
371 2624 476 2682 Fomes
498 2623 664 2681 sensificans
687 2631 715 2680 et
737 2625 825 2682 amor'
839 2625 888 2696 pia
911 2629 1029 2697 pectora
1050 2625 1187 2697 mulcenS,

445 2701 567 2771 Spiritus
585 2703 704 2757 Domiui
720 2704 831 2770 repleuit
850 2705 940 2758 orbem
958 2709 1093 2757 tutorum

318 2780 346 2837 2.
371 2775 455 2834 Dona
476 2775 596 2836 ferendo
618 2778 688 2850 suis,
711 2794 768 2835 non
790 2786 823 2838 ut
844 2777 918 2836 foret
941 2779 1003 2852 ipse
1024 2779 1156 2854 loqualis,

444 2863 469 2910 et
485 2858 541 2921 loc,
559 2857 633 2924 quod
650 2859 768 2911 couuuet
785 2859 885 2922 omuia,

315 2934 345 2992 3.
370 2931 441 2988 Cum
462 2931 535 2988 nihil
557 2933 669 3004 ignoret
688 2932 799 3003 horum,
824 2949 896 3004 quae
919 2931 1043 3004 complet
1066 2938 1094 2989 et
1116 2932 1214 3010 ambit,

444 3011 584 3064 seleutiam
601 3011 681 3064 labet
698 3012 771 3065 uocis

312 3088 342 3147 4.
365 3083 480 3142 Affectu
501 3085 629 3158 proprio,
651 3101 809 3158 perquem
832 3101 901 3158 gens
923 3091 1026 3144 cuncta
1048 3087 1182 3164 recludit,

442 3165 574 3228 Alleluia,
591 3164 722 3218 Alleluia.

266 3305 354 3369 Trop.
377 3319 426 3353 ms.
448 3305 612 3354 Niveruenee
636 3319 703 3354 saec.
730 3301 769 3354 ll.
804 3305 868 3355 Coti.
890 3306 1005 3355 Parisin.
1028 3303 1104 3357 9449.
1127 3306 1158 3366 A.
1178 3335 1210 3342 —
1231 3308 1311 3371 Trop.
1334 3322 1382 3358 ms.

180 3374 372 3429 Niver'nense
399 3388 467 3423 saec.
491 3369 531 3422 12.
573 3372 638 3422 Ccd.
663 3372 777 3424 Parisin.
800 3376 887 3424 Ncuv.
910 3390 967 3438 aeq.
993 3371 1066 3424 1235.
1087 3376 1118 3424 Β.
1141 3401 1175 3410 -
1198 3372 1215 3424 2
1237 3374 1329 3424 localis
1351 3376 1383 3424 Β.

178 3473 221 3484 -
244 3441 265 3494 3
285 3441 435 3505 horumque
451 3441 567 3506 complet
583 3440 638 3491 AB.

623 3606 685 3663 131.
711 3607 747 3662 In
764 3608 960 3664 Pentecoste.

192 3759 232 3818 1.
259 3750 438 3811 Praeclarus
460 3766 536 3808 nunc
558 3750 619 3808 dies
642 3750 734 3825 adest,
830 3754 859 3812 2.
883 3751 984 3809 Sessor
1006 3753 1090 3811 divae
1109 3752 1266 3810 maiestatis

261 3842 371 3896 cuncto
393 3851 448 3908 quo
470 3835 540 3893 orbe
563 3833 681 3893 diffusus
883 3837 986 3895 sedens
1008 3838 1047 3895 ad
1071 3837 1218 3896 dexteram
1241 3836 1333 3910 patris

305 3915 432 3983 Spiritus
448 3911 574 3979 Domini,
837 3986 839 3989 Υ
921 3917 1027 3983 replevit
1046 3918 1133 3971 orbem
1150 3923 1294 3982 terrorum,

372 4062 402 4122 8.
424 4059 478 4133 Qui
499 4057 598 4116 mundi
621 4058 765 4116 cardinem
788 4074 838 4116 suo
862 4061 970 4117 creavit
992 4060 1100 4133 pugillo

509 4143 534 4190 et
551 4138 609 4201 loc,
628 4137 701 4204 quod
718 4137 844 4203 contiuo,

371 4216 402 4272 4.
425 4211 563 4286 Superuis
584 4211 689 4282 latitat,
712 4228 782 4270 arva
802 4219 985 4286 pontumque,
1010 4220 1107 4273 creata

510 4292 617 4357 omuiu;
635 4291 775 4345 adamiani
791 4293 870 4346 lubet
887 4293 969 4357 uocis,

372 4369 402 4428 5.
425 4364 512 4423 Lucis
535 4365 670 4436 diurnae3
695 4380 810 4440 perpes,
832 4366 887 4424 tibi
909 4367 1010 4425 laudes
1033 4385 1183 4429 canamus:

509 4445 636 4508 Alleluia,
655 4444 782 4498 Alleluia.

264 4587 351 4650 Trop.
369 4600 418 4634 mu.
435 4585 626 4636 Moissiacense
644 4599 712 4634 saec.
735 4581 774 4634 11.
802 4586 865 4637 Coti.
879 4588 993 4638 Parisin.
1007 4591 1092 4639 Nouv.
1111 4605 1167 4654 acq.
1189 4587 1262 4641 1871.
1275 4619 1309 4627 -
1321 4587 1345 4653 2,
1365 4589 1379 4642 l

176 4659 321 4714 divinae.
340 4680 372 4689 -
391 4649 410 4701 4
426 4658 536 4702 creator.
554 4679 589 4686 —-
605 4654 657 4702 Die
674 4654 836 4704 Hexameter
853 4655 913 4704 sind
932 4656 1055 4707 sichtlich
1072 4674 1122 4707 nur
1140 4659 1311 4723 rhythmiseh.
