3409 5384
715 484 950 567 4319-

310 678 390 742 Trop.
413 693 461 726 ms.
484 677 675 727 Moissiaeense
697 691 765 727 seeo.
793 672 831 724 11.
869 674 931 726 Cod.
955 676 1069 726 Parisin.
1091 677 1178 726 Nouv.
1204 691 1260 742 aeq.
1288 672 1362 726 1871.
1389 702 1423 712 -v

230 744 295 808 2a,
324 742 338 794 l
364 746 499 797 Gehenna.
525 772 557 779 -
584 744 648 795 Ersi
673 743 756 794 dureh
780 744 955 810 Verbindung
981 745 1029 794 mit
1052 744 1111 794 dem
1137 743 1363 796 Offertoriumtext
1387 741 1419 808 (s.

229 817 261 866 N
263 831 288 864 r.
307 811 368 876 628)
387 813 473 864 erhilt
489 813 536 863 der
554 819 622 863 erste
641 812 702 862 Sutz
721 814 777 863 sein
796 812 933 863 Primum

535 1014 598 1071 630.
625 1013 785 1069 Dominiou
802 1015 838 1070 V.
858 1012 1124 1088 quadragesimae.

230 1158 298 1218 la.
329 1156 410 1215 Viam
434 1141 581 1213 veritatis*
862 1154 917 1213 lb.
943 1153 983 1212 Et
1006 1165 1168 1213 scrutamur
1189 1163 1238 1213 tuo

329 1248 356 1298 et
378 1241 504 1299 iustitiae
945 1240 1090 1312 mandate,
1114 1241 1191 1298 Deus

330 1326 459 1400 eligimus
481 1341 597 1398 semper
944 1331 1004 1383 toto
1026 1332 1124 1383 nostro
1147 1325 1244 1385 eorde.

230 1451 299 1507 22.
330 1445 528 1518 Depreosmur
550 1461 618 1518 ergo
861 1443 916 1503 2b.
944 1446 1039 1516 Atque
1062 1443 1206 1516 diligimus

331 1532 440 1589 vultum
461 1537 541 1588 tuum
945 1529 1033 1603 leuem
1054 1532 1146 1589 imam.

315 1683 395 1747 Trop.
414 1698 461 1731 ms.
474 1681 688 1731 Emmerameuse
704 1676 924 1730 11111024-36.
956 1681 1021 1729 Cim.
1035 1681 1172 1731 Monesen.
1186 1675 1283 1730 14322.
1298 1707 1326 1714 -
1344 1676 1390 1741 lb,
1408 1677 1424 1731 3

230 1754 268 1802 in
289 1749 333 1814 (st,
350 1748 424 1812 toto).
444 1775 475 1784 -
487 1750 613 1800 Initiulen
630 1765 717 1814 genuu
734 1751 784 1799 wie
802 1751 829 1798 in
847 1748 895 1800 der
907 1749 956 1798 Hs.
970 1777 1002 1785 -
1015 1738 1192 1799 Ubersohrift:
1213 1745 1377 1816 π1113111ιῆ
1390 1776 1424 1787 -
1472 1793 1475 1800 ,

230 1823 298 1871 Der
317 1815 344 1869 2.
360 1821 457 1869 Versus
480 1819 527 1868 des
545 1817 713 1868 offertorium
730 1818 827 1867 lauret:
852 1818 948 1867 Viam
966 1819 1132 1867 veritatis
1151 1819 1258 1883 elegi,
1283 1818 1323 1868 de
1340 1818 1424 1867 mihi

230 1887 487 1938 intellectum.
507 1921 574 1947 ...,
597 1888 679 1952 quio
701 1885 811 1936 dilexi
833 1881 935 1950 leqem
959 1890 1056 1936 tuam,

436 2087 499 2144 erl.
527 2086 618 2143 Deris
635 2087 676 2143 11.
695 2086 728 2142 in
745 2088 893 2143 Heroon.
913 2088 949 2144 V.
969 2086 1234 2162 Quamagesinae.

233 2236 301 2292 la.
336 2226 420 2307 (ite,
444 2229 492 2302 qui
515 2245 546 2288 es
568 2245 619 2287 rex
642 2244 727 2286 serus
864 2229 919 2289 lb.
947 2231 988 2291 Ut
1010 2229 1173 2288 miserearis

333 2322 362 2372 et
375 2315 449 2389 pius,
472 2315 597 2388 Christe,
619 2330 732 2388 semper
756 2335 775 2369 s
903 2334 921 2369 s
946 2314 1051 2373 infirmi
1075 2316 1198 2373 clemens

333 2400 457 2472 deposco
796 2399 843 2492 1*
858 2398 876 2433 '⁶

794 2527 813 2561 „
856 2526 874 2561 „
946 2486 983 2545 Et
1007 2494 1110 2544 memet
1131 2493 1198 2544 tuoe
1220 2501 1303 2544 senes

334 2569 416 2629 Omni
437 2586 549 2643 quoque
570 2571 634 2628 nisu
749 2591 768 2625 s
895 2590 914 2625 s
950 2571 1157 2630 medicamento
1178 2570 1288 2642 solutis,

337 2670 398 2714 cum
420 2657 522 2713 mentis
545 2671 633 2733 meae,
946 2657 1078 2726 Domine,

503 2779 533 2837 2.
556 2777 628 2846 Quis
649 2777 744 2834 omnia
766 2784 831 2833 sunt
855 2792 947 2849 paone
969 2777 1092 2834 contrito

557 2878 623 2920 osso
646 2878 720 2920 mea.
1051 2881 1054 2886 ·

319 3013 397 3077 Trop·
424 3029 470 3065 ms.
497 3013 710 3064 Emmeramense
737 3015 800 3063 anni
829 3010 972 3064 1024-36.
1014 3013 1080 3064 cim.
1106 3015 1243 3064 Monesen.
1274 3009 1370 3063 14322.
1396 3039 1427 3048 -

240 3082 379 3134 Initialen
398 3081 586 3146 enisprechend
598 3082 644 3131 der
656 3083 705 3131 Hs.
718 3109 750 3118 -
762 3073 942 3133 Uberschrift:
963 3081 1106 3147 „Os-sa“.
1120 3111 1152 3118 -
1165 3083 1221 3133 Der
1232 3077 1256 3130 2.
1270 3083 1368 3132 Versus
1382 3081 1428 3131 des

240 3150 418 3203 Offerrorium
447 3150 543 3201 lautet:
572 3150 738 3201 Miserere
765 3151 863 3212 mihi,
893 3153 1048 3212 Domine,
1079 3153 1239 3215 quoniam
1267 3151 1428 3200 infirmus

240 3234 336 3280 sum,
360 3233 440 3268 sana
463 3235 523 3278 me,
548 3220 703 3280 Domine,
728 3223 888 3285 quoniam
913 3221 1119 3271 conturbata
1143 3225 1219 3269 suni
1246 3221 1353 3269 omnia
1377 3229 1427 3268 os-

238 3301 284 3339 8a
305 3302 383 3337 mea.

596 3421 658 3477 (382.
685 3422 721 3476 ln
739 3422 922 3479 Assensiene
939 3422 1073 3479 Domini.

395 3563 644 3638 Quemadmodum
665 3565 780 3625 uidistis
802 3582 868 3624 eum
889 3567 1089 3625 ascendentem
1111 3566 1143 3623 m
1166 3565 1285 3644 eoelum,

241 3688 305 3746 la.
337 3680 385 3740 lta
406 3681 457 3741 fiet
477 3684 506 3741 11
528 3685 691 3757 novissimo,
865 3685 919 3747 lb.
947 3685 990 3744 lbi
1013 3687 1160 3744 solvemur
1182 3685 1281 3744 mortis
1304 3685 1398 3744 vinela

337 3770 448 3840 quondo
470 3776 553 3828 cunei
573 3770 642 3830 tuba
950 3779 979 3829 et
1001 3780 1117 3845 surgent
1139 3773 1265 3830 sinerum

379 3855 516 3927 angelica.
992 3858 1149 3932 sculptilia.

238 3978 307 4035 21.
340 3973 418 4030 Tunc
439 3976 621 4034 exsultabunt
642 3994 707 4037 osso
865 3978 921 4040 21).
947 3977 1154 4036 iudicabuntur
1177 3974 1254 4034 facio

339 4058 493 4131 humiliate,
950 4072 979 4121 et
1002 4063 1096 4121 cordis
1116 4063 1182 4129 imo,

337 4144 518 4203 terrebuntur
540 4148 628 4206 corda
949 4151 1068 4224 quisque
1090 4149 1153 4222 lege
1175 4164 1235 4219 sua,

338 4230 549 4303 superbissimo,
949 4237 1059 4308 scripio
1081 4234 1196 4295 frivola.

239 4355 308 4413 31.
343 4349 515 4407 sicutenim
537 4353 649 4412 soeudit
672 4355 700 4412 in
724 4373 775 4414 suo
865 4356 921 4418 3b.
951 4359 998 4418 Sic
1019 4355 1112 4414 venriet
1134 4372 1252 4429 magnus
1275 4354 1304 4412 in
1325 4371 1376 4412 suo

339 4434 455 4492 dextera
950 4443 1040 4518 gloria

338 4528 504 4591 regnaturus
949 4527 1078 4590 iudicare

381 4620 432 4676 Per
453 4613 567 4667 aeterna
589 4614 715 4691 saeculo,
993 4615 1170 4674 saeculorum
1194 4613 1319 4675 soeculo.
