3409 5384
759 524 908 623 ..⁸340
953 560 997 573 -.

643 784 705 867 1187.
733 812 778 865 lie
797 811 905 867 saneta
923 810 1108 868 liutharium.

606 956 621 1015 1
647 954 779 1018 Prudens
801 960 830 1012 et
853 954 976 1027 vigilans
999 955 1089 1031 virgo,

646 1040 744 1111 Qualis
768 1055 797 1097 es
821 1056 885 1099 eum
907 1056 1012 1113 sponso
1033 1040 1093 1114 illo,

646 1125 700 1197 Qui
723 1130 752 1182 te
776 1125 863 1197 elegit
884 1124 920 1182 de
941 1124 1064 1183 mundo!

644 1210 732 1280 Quam
756 1210 887 1283 pulchra,
910 1226 994 1282 quam
1017 1209 1166 1281 mirabitis,

604 1297 620 1354 5
644 1297 757 1367 Quanta
779 1295 843 1354 luce
866 1294 1042 1372 spectabilia,
1135 1352 1139 1363 ,

643 1380 723 1439 Inter
745 1379 812 1439 Sion
834 1381 1000 1439 iuvenculas

642 1464 681 1523 Et
701 1466 857 1525 Ierusalem
882 1464 957 1525 filias

643 1550 782 1609 Thalama
805 1550 933 1627 gaudeus
955 1552 1042 1625 regio,

643 1635 800 1695 Coniuncta
822 1635 879 1694 Dei
900 1634 970 1699 filio.

354 1786 430 1837 Minu.
448 1786 571 1851 Aquense
590 1788 651 1852 imp.
670 1786 793 1851 Lugduni
813 1783 887 1837 1527.
906 1786 936 1835 A.
949 1785 1069 1835 —Miua
1086 1785 1243 1835 vivariense
1262 1788 1324 1852 imp.
1340 1787 1495 1853 Lugduni·

286 1850 361 1905 1527.
384 1856 415 1904 Β.
434 1880 468 1890 -
493 1856 567 1904 Miss.
592 1857 621 1905 B.
644 1856 753 1905 Martini
775 1855 938 1905 Turonensis
961 1855 1023 1918 imp.
1047 1854 1160 1904 Parisiis
1185 1851 1259 1905 1529.
1283 1855 1313 1906 C.
1332 1884 1366 1892 -
1390 1858 1486 1909 Miss.

283 1924 431 1974 Romanum
455 1925 517 1987 imp.
541 1924 664 1990 Lugduni
691 1920 764 1973 1535.
790 1925 821 1973 D.
847 1952 882 1959 -
908 1921 920 1972 1
945 1923 1021 1987 virgo
1046 1921 1193 1972 Katharina
1216 1923 1246 1974 C.
1269 1919 1338 1973 -8
1364 1925 1489 1989 gaudes

282 1992 318 2043 D.
336 2018 369 2027 -
387 1986 403 2042 9
422 1994 473 2043 Dei
492 1994 632 2042 coniuncta
650 1994 682 2043 D.

647 2260 708 2315 1188.
739 2261 783 2315 De
802 2260 910 2316 saneto
930 2258 1102 2315 Leonardo.

284 2420 340 2483 la.
371 2419 465 2492 Salve,
488 2425 573 2492 pater
594 2420 782 2492 sanctissime,
900 2418 956 2483 11).
983 2418 1077 2492 Salve,
1101 2435 1211 2493 gemma
1233 2419 1454 2499 pulcherrima,

370 2502 571 2567 confessorum
595 2506 768 2577 dulcissime,
986 2505 1082 2564 Odore
1104 2506 1281 2577 suavissima,

410 2590 571 2654 Leouarde.
704 2628 708 2633 -
1027 2590 1187 2649 Leouarde.

284 2730 340 2789 2u.
371 2726 466 2798 Salve,
489 2744 540 2785 vas
563 2725 748 2801 odoriferum,
900 2726 957 2787 21).
984 2726 1078 2800 Salve,
1103 2725 1190 2784 decus
1212 2724 1360 2800 nobilium,

369 2814 428 2872 Vas
451 2812 564 2884 inquam
588 2809 777 2888 salutiferum,
984 2812 1072 2885 Regis
1094 2811 1202 2869 amicus
1223 2812 1358 2883 omnium,

409 2897 569 2957 Leouarde.
1026 2897 1186 2956 Leouarde.

284 3038 339 3098 aa.
371 3034 466 3109 Salve,
489 3034 539 3092 lux
560 3033 761 3091 amoenissima
850 3010 851 3015 ἵ
900 3032 956 3095 31).
983 3033 1078 3110 Salve,
1103 3034 1162 3091 dux
1182 3034 1213 3091 in
1235 3033 1292 3091 ism
1315 3032 1372 3109 viu,

369 3119 472 3179 Cordis
494 3119 642 3177 illustrans
666 3119 776 3191 intima,
984 3118 1079 3191 Salve,
1102 3133 1225 3192 regnans
1246 3116 1276 3175 in
1299 3118 1407 3191 glorIa,

409 3204 569 3267 Leonarde.
910 3208 919 3221 ⁰
1026 3204 1164 3264 Alleluia.

349 3375 425 3425 Miuu-
443 3371 692 3425 Fontisebraldense
710 3376 772 3439 imp.
790 3376 902 3425 Parisiis
923 3371 997 3425 1606.

661 3642 722 3697 eso.
751 3642 796 3696 De
815 3644 925 3698 saneta
942 3643 1078 3701 Martha.

280 3800 336 3861 la.
367 3799 454 3859 Stetit
477 3802 556 3859 Iesus
579 3800 659 3858 iuxta
680 3816 759 3859 uram
898 3800 954 3864 11).
981 3802 1053 3859 Eius
1075 3816 1221 3860 assumens
1243 3804 1367 3861 unimam

409 3886 510 3958 templi
531 3886 633 3944 heatae
655 3885 789 3944 Marthae
1025 3893 1136 3945 exutam
1160 3905 1178 3946 a
1200 3904 1331 3963 corpore,

279 4021 335 4082 2a.
368 4019 478 4079 Comite
501 4020 556 4077 sibi
577 4026 689 4079 astante
897 4020 953 4087 ab.
982 4021 1114 4080 Gloriose
1136 4023 1233 4081 locans
1257 4038 1320 4080 eam

409 4104 554 4163 Frontone
577 4106 714 4182 antistite,
1024 4107 1054 4164 in
1076 4107 1219 4181 virginum
1241 4109 1356 4181 agmine

681 4245 711 4305 3.
736 4241 804 4300 Cum
827 4241 939 4301 laetitia

732 4332 760 4385 et
783 4329 982 4388 exsultatione.

346 4498 423 4547 Brev.
442 4496 633 4561 Andegavense
650 4499 712 4561 imp.
727 4498 839 4546 Parisiis
854 4493 928 4546 1551.
958 4499 999 4558 (In
1017 4498 1063 4547 der
1074 4499 1161 4549 Messe
1178 4499 1224 4549 der
1242 4500 1277 4551 hi.
1290 4500 1423 4565 Martha)
1435 4528 1473 4538 —

280 4562 331 4625 la,
356 4562 372 4613 2
395 4565 462 4615 nauh
490 4566 598 4630 „beatae
616 4562 752 4615 Marthae“
772 4567 808 4614 ist
825 4566 962 4632 beigeffigt
981 4582 1060 4630 „auae
1078 4567 1229 4631 hospitue“,
1255 4584 1309 4617 was
1327 4568 1404 4619 wohl
1423 4572 1475 4622 be-

280 4633 378 4693 deutet,
397 4633 454 4683 dass
472 4634 593 4684 letuteres
612 4639 676 4683 atatt
693 4634 738 4684 des
757 4639 875 4683 ersteren
892 4634 1008 4699 gewihit
1024 4635 1128 4685 werden
1146 4636 1241 4686 kenne.
