3409 5384
796 545 828 552 -—
879 509 939 570 118
980 543 1023 550 --

643 744 706 800 260.
734 744 769 797 ln
788 759 813 799 s.
832 742 978 799 Iohannis
995 742 1168 812 Baptistae.

469 897 497 957 1.
522 895 647 954 Cunctae
670 894 828 966 gaudentes
851 894 935 950 simul
958 894 1030 950 haec
1051 892 1193 950 attendite
1214 896 1338 964 gentes:

576 971 620 1026 De
637 979 725 1027 ventre
742 974 838 1026 matris
857 989 930 1026 meas
948 973 1050 1026 nocant
1067 987 1107 1026 me
1124 971 1268 1025 Destinat

468 1052 496 1108 2.
519 1049 568 1107 Ad
592 1048 689 1106 danda
711 1042 795 1107 nobis
819 1048 896 1105 vitae
919 1053 1074 1120 praecepta
1096 1041 1223 1108 salubris

578 1133 602 1180 st
615 1129 713 1194 posuit
730 1142 761 1180 os
779 1143 865 1180 meam
885 1131 915 1179 at
932 1125 1055 1195 gladium
1072 1131 1189 1189 acutam,

469 1205 497 1264 8.
521 1203 561 1262 Ut
585 1201 673 1260 verbo
694 1216 822 1258 resecem
843 1217 950 1274 pravos
973 1219 990 1258 a
1013 1206 1090 1258 sorte
1111 1201 1266 1273 bonorum3

577 1281 627 1334 sah
645 1285 794 1349 tegumento
812 1295 912 1333 monas
930 1296 996 1333 sane
1012 1281 1130 1347 protexit
1146 1296 1186 1332 nse

578 1355 602 1402 et
615 1349 713 1416 posuit
730 1364 771 1400 nse
788 1349 870 1415 qnasi
888 1349 1017 1418 sagittam
1034 1350 1150 1403 electam.

385 1491 465 1554 Trop.
489 1505 535 1538 ms.
560 1487 782 1552 Mogontinumdi)
805 1491 869 1538 anni
890 1486 1018 1538 stt-62.
1053 1489 1117 1539 Cod.
1142 1488 1289 1538 Londinen.
1307 1487 1374 1537 Add.
1400 1483 1507 1538 19768.

318 1558 349 1606 Α.
368 1585 401 1594 -
419 1559 491 1622 Trop
517 1573 565 1607 ms.
583 1559 769 1607 Wintoniense
788 1573 856 1607 saec.
878 1554 916 1607 10.
935 1574 974 1607 ex.
1011 1558 1073 1607 eod.
1093 1559 1223 1608 Oxonien.
1241 1556 1315 1606 Bodl.
1334 1552 1394 1606 775.
1412 1557 1447 1605 Β.
1469 1582 1507 1590 -

317 1628 396 1692 Trop.
417 1642 464 1676 ms.
481 1627 668 1676 Wintoniense
685 1642 754 1675 saec.
776 1622 814 1675 11.
845 1625 909 1675 Cod.
929 1626 995 1675 Coll.
1014 1627 1091 1691 Corp.
1108 1625 1208 1676 Christi
1221 1625 1345 1676 Cantah'
1366 1626 1418 1675 'em
1437 1620 1506 1675 473.

315 1695 343 1744 C.
370 1724 402 1732 -
426 1695 505 1759 Trop.
529 1710 577 1744 ms.
603 1694 789 1745 Glastoniense
810 1693 1040 1756 (teanruariense)
1063 1710 1131 1743 saec.
1158 1693 1196 1742 ll.
1222 1709 1262 1743 ex.
1285 1691 1321 1756 [et
1360 1689 1396 1755 2.)
1432 1693 1508 1743 Cod.

315 1763 463 1813 Londinen.
482 1762 567 1826 Caiig.
586 1763 609 1812 Α
626 1763 690 1812 XIV
708 1764 740 1812 D.
759 1788 793 1797 ·-
811 1759 827 1812 2
850 1763 884 1812 ad
902 1762 1013 1812 dandam
1034 1764 1116 1821 sitm
1140 1763 1217 1811 vobis
1236 1764 1307 1811 vitae
1325 1762 1356 1812 Δ.
1373 1788 1410 1796 -
1426 1757 1447 1810 3
1469 1763 1507 1812 ab

314 1837 384 1882 sorte
403 1832 441 1890 1);
464 1830 592 1880 honorum
611 1831 642 1880 Α.
661 1857 693 1864 -
714 1833 745 1880 In
763 1833 784 1879 B
808 1831 862 1880 und
880 1833 901 1880 C
920 1831 960 1880 als
979 1830 1028 1893 „ad
1047 1827 1258 1896 Repetendum“;
1281 1831 1310 1879 in
1327 1831 1352 1879 D
1369 1830 1440 1896 folgt
1460 1830 1507 1880 als

316 1901 365 1962 „ad
383 1894 548 1949 Psalmum“:
573 1901 712 1949 Praeseius
731 1899 795 1948 olim
813 1915 898 1949 sermo
917 1899 1079 1964 prophetalis
1098 1904 1183 1949 ortum
1203 1900 1382 1965 praecursoris
1400 1899 1506 1948 vatici-

316 1969 403 2018 nando
422 1968 502 2017 dirit:
523 1969 664 2031 „Bonum
688 1973 737 2016 est
761 1967 927 2018 confiteri
950 1966 1108 2017 Domino“
1132 1973 1189 2016 etc.

641 2193 703 2249 261.
731 2195 766 2247 ln
784 2207 810 2249 s.
829 2193 975 2249 Iohannis
992 2193 1166 2262 Baptistae.

472 2347 500 2406 1.
526 2345 627 2402 Vatum
652 2343 733 2402 firma
757 2343 838 2418 fides,
862 2345 937 2417 regis
960 2344 1097 2416 baptiste,
1121 2345 1273 2416 Iohannes,

524 2429 570 2488 Ex
593 2434 675 2487 utero
697 2429 787 2487 sterili
811 2436 931 2487 narrant
952 2430 1106 2502 praeconia
1129 2430 1251 2488 Christi:

578 2507 623 2561 De
640 2514 729 2562 ventre
746 2510 843 2563 matris
860 2525 933 2562 oscas

471 2584 500 2642 2.
523 2584 593 2642 Post
615 2584 728 2654 longam
752 2585 862 2640 senium
885 2583 1032 2655 insperato
1053 2583 1179 2656 germine
1202 2580 1296 2641 foetae

578 2664 681 2717 vocasti
698 2679 738 2716 ons
755 2662 894 2717 Dominus
911 2663 1022 2717 nomiae
1039 2677 1104 2727 occe,

472 2738 500 2796 8.
524 2735 579 2808 Qui
601 2737 744 2809 qnondam
766 2737 864 2808 Moysi
887 2737 961 2796 dixit
986 2745 1033 2811 „te
1055 2753 1091 2794 ex
1114 2735 1228 2794 nomine
1250 2735 1341 2814 vidi“,

580 2817 713 2882 esposuit
731 2831 761 2868 os
779 2833 866 2869 meum
883 2822 914 2870 stt
930 2816 1053 2886 gladium
1070 2822 1190 2881 amttam,

472 2891 500 2947 4.
525 2889 564 2948 Ut
589 2905 713 2948 resecem
738 2890 832 2948 valide
855 2891 984 2963 perversi
1009 2891 1149 2963 dogmatis
1171 2896 1253 2963 acta3

581 2970 632 3022 sab
651 2975 796 3037 tegumento
815 2989 908 3023 manus
926 2989 990 3024 suae
1008 2976 1122 3038 protexit
1139 2989 1187 3029 me,

473 3046 501 3104 t.
525 3042 570 3100 Ne
592 3041 693 3102 feritas
716 3044 795 3102 saevi
817 3045 912 3102 valeat
935 3060 980 3101 me
1001 3053 1130 3101 siemere
1152 3044 1268 3116 mundi3

577 3123 674 3189 poscit
690 3139 730 3175 ccc
746 3125 831 3190 quasi
849 3123 977 3193 sagittam
995 3123 1110 3176 electura

385 3262 464 3325 Trop.
478 3278 526 3312 ms.
536 3261 721 3312 Glastoniense
728 3260 752 3324 (i
760 3261 961 3323 Cantuariense)
972 3278 1039 3312 saec.
1056 3259 1094 3311 11.
1104 3279 1143 3313 ex.
1153 3263 1189 3325 (et
1199 3260 1249 3324 12.)
1272 3262 1336 3313 cod.
1345 3263 1505 3315 Londinen.

225 3387 226 3394 ἵ
316 3332 401 3395 Calig.
420 3330 443 3379 Α
461 3331 533 3380 XIV.
550 3356 584 3363 —
602 3327 619 3378 2
637 3333 773 3394 inspirato.

497 3531 507 3542 ’
532 3488 549 3537 s
566 3549 628 3603 262.
656 3547 690 3601 ln
709 3547 923 3603 Decollatione
941 3563 967 3604 s.
986 3546 1132 3602 Iohannis
1150 3548 1242 3617 sapt.

374 3701 402 3760 1.
426 3698 514 3756 Sacra
537 3699 722 3757 melodimate
743 3700 899 3757 recinendo
922 3702 1046 3772 clangite
1069 3700 1173 3770 cuncti,

425 3783 537 3857 Nempe
558 3800 630 3856 quae
653 3801 688 3842 en
711 3784 841 3857 angelica
864 3786 900 3842 de
923 3785 1049 3843 Iohanne
1070 3790 1204 3858 pertonat
1226 3784 1311 3842 taba:

469 3863 607 3916 Iohannes
626 3870 723 3928 cutem,
741 3881 801 3917 som
819 3864 990 3919 audissetis
1006 3865 1122 3918 maratis
1140 3880 1221 3931 opera
1240 3863 1350 3928 Christi,

376 3938 407 3996 2.
430 3936 519 4006 Quem
543 3937 632 4008 digito
655 3939 769 4011 populis
791 3939 895 3996 indicit
916 3940 1001 3996 latice
1024 3940 1209 4011 baptizatam,

427 4020 519 4079 Nosse
542 4024 631 4095 capit,
654 4023 747 4097 ipsum
772 4023 876 4081 debeat
899 4023 999 4082 inieris
1021 4025 1162 4098 nuntiare,

471 4101 578 4154 messos
596 4101 665 4155 daos
685 4102 716 4156 de
734 4103 879 4169 dissipatis
897 4104 956 4156 sois
974 4105 1014 4156 ait
1030 4103 1086 4156 tiit.-
1106 4103 1149 4155 Tu
1167 4120 1203 4166 ss,
1221 4103 1270 4169 qui
1286 4109 1416 4158 semmae
1434 4119 1475 4170 es.

373 4174 402 4232 8.
426 4173 519 4231 Homo
542 4190 626 4232 verus
649 4177 784 4249 Deaeque
806 4193 905 4252 verax,
929 4179 1090 4249 redemptio
1113 4178 1212 4235 mundi

423 4257 463 4315 Et
485 4259 534 4332 qai
557 4267 660 4319 sancta
682 4267 781 4320 tenens
804 4278 895 4334 aequo
918 4262 1070 4320 libramine
1092 4278 1205 4339 pensas,

470 4353 508 4390 om
526 4339 609 4392 atium
628 4341 829 4408 conspectantes?

385 4478 464 4542 Trop.
487 4494 534 4528 ms.
558 4480 729 4532 Martialense
755 4497 822 4531 saec.
849 4478 888 4531 10.
925 4482 988 4533 Cod.
1009 4483 1122 4532 Parisin.
1149 4478 1222 4532 1084.
1241 4482 1272 4530 A.
1289 4507 1324 4516 -
1341 4481 1424 4545 Trop.
1447 4497 1500 4533 ms.

319 4546 490 4596 Martiaiense
509 4561 577 4596 saec.
598 4545 637 4598 10.
656 4565 695 4599 ex.
732 4550 794 4600 Cod.
813 4551 927 4600 Parisin.
949 4547 1023 4600 1118.
1039 4553 1069 4600 Β.
1087 4577 1121 4584 -
1140 4551 1220 4616 Trop.
1238 4565 1284 4600 ms.
1304 4550 1501 4602 Moissiaeense

317 4628 385 4664 saec.
405 4611 445 4664 11.
482 4613 543 4664 Cod.
562 4617 676 4666 Parisin.
695 4619 780 4668 Nouv.
799 4633 857 4684 aeq.
877 4615 950 4669 1871.
970 4620 999 4669 0.
1016 4645 1050 4654 -
1071 4616 1092 4681 1,
1111 4615 1127 4667 2
1145 4623 1269 4684 personat
1286 4619 1317 4667 B.
