3409 5384
692 499 904 561 ..99-

600 716 662 772 ⁶208.
690 717 725 770 In
744 717 844 773 annoti
864 717 993 772 arnulfi.

294 858 324 918 1.
348 859 436 930 Quem
459 859 537 916 Dens
560 860 694 918 aetherea
716 859 841 918 sacravit
863 860 900 917 ab
923 874 990 917 arce
1012 866 1153 935 potenter,

413 938 491 1002 Eece,
510 939 636 992 sacerdos
654 955 780 1007 mopnus,
905 935 908 940 ’

295 1015 326 1074 2.
349 1012 493 1070 Virtutum
517 1013 616 1088 radiis,
640 1014 805 1071 meritorum
828 1014 962 1085 lampade
985 1010 1107 1089 fulgens,

413 1092 461 1158 qui
478 1092 509 1144 in
526 1092 620 1146 diebus
638 1094 698 1146 suis
713 1093 820 1159 plue-uit
838 1093 906 1158 Deo,

294 1168 325 1225 3.
348 1165 387 1222 Et
409 1166 476 1238 qnia
500 1167 631 1224 doctrina
651 1165 745 1224 inerat
767 1165 901 1238 perfusus
919 1182 1045 1245 amoena,

412 1244 471 1298 ideo
491 1245 639 1299 inserendo
657 1247 721 1313 feeit
737 1263 799 1299 eum
817 1246 956 1299 Dominus
977 1262 1091 1300 erescere
1107 1247 1139 1299 in
1152 1246 1253 1313 plebem
1272 1261 1359 1299 suunt.

273 1367 357 1432 Trop.
384 1384 431 1419 ms.
452 1369 479 1419 S.
499 1369 600 1418 Amulii
617 1371 744 1420 Maiensis
764 1385 831 1420 naeu.
852 1367 891 1419 12.
911 1373 946 1419 in.
982 1367 1388 1435 Cod.Meten.452.—F01gt

205 1435 251 1486 der
268 1437 430 1486 Psalmtext:
449 1437 731 1488 Benedictionem
750 1441 892 1488 omnium
911 1445 960 1488 ete.

571 1639 633 1693 219.
662 1639 696 1693 In
715 1639 815 1694 saneti
832 1639 1029 1695 Athelwoldl.

367 1782 394 1841 1.
417 1780 514 1838 Patris
537 1781 620 1837 adest
644 1781 739 1839 votiva
763 1781 834 1852 dies,
859 1786 1004 1838 cantemus
1027 1787 1161 1840 ovantes:

474 1859 579 1912 Statuit
596 1861 620 1912 ei
637 1859 776 1913 Dominus
793 1865 981 1913 testamentum
995 1862 1084 1928 poeta,

365 1938 393 1994 2.
418 1935 586 1992 Pontificem
609 1935 716 2006 templo
738 1935 794 1991 sibi
817 1951 901 2006 quem
923 1935 1047 1992 sacravit
1069 1938 1099 1992 in
1121 1935 1187 2006 isto,

475 2019 499 2066 et
512 2015 667 2082 principem
684 2014 749 2080 feeit
766 2031 825 2067 eum

367 2093 396 2150 3.
419 2090 499 2147 Inter
521 2089 693 2160 apostolicos
716 2089 791 2145 stola
813 2088 984 2160 splendente
1006 2088 1161 2160 ierarches,

476 2173 507 2220 ut
525 2169 561 2222 sit
577 2168 622 2221 illi
639 2167 784 2220 sacerdotii
801 2169 938 2236 tinnitum

367 2246 397 2302 4.
421 2242 602 2317 Adelwolde,
625 2243 674 2314 pia
696 2258 783 2314 prece
805 2259 857 2300 nos
881 2241 1004 2300 deiende
1026 2241 1153 2299 misellos

475 2323 507 2374 iu
524 2327 671 2375 oeternum.

274 2449 358 2512 Trop.
376 2462 424 2495 ms.
444 2447 628 2497 Wintoniense
647 2461 715 2496 saec.
735 2443 775 2496 11.
805 2447 868 2497 Cod.
889 2447 956 2498 coll.
975 2449 1052 2511 Corp.
1072 2445 1172 2496 Christi
1189 2446 1389 2512 Cantabrigien.

208 2512 265 2566 473.
284 2515 317 2564 A.
338 2539 372 2549 -
391 2515 499 2565 Colleot.
525 2531 572 2564 ms.
592 2514 768 2579 S.Ebru1phi
789 2530 857 2564 saec.
878 2512 1040 2579 11.(8112.)
1075 2514 1137 2564 (lod.
1155 2515 1327 2565 Alenoonien.
1348 2512 1387 2564 14.

209 2585 237 2633 B.
267 2613 301 2620 -
328 2583 468 2634 Verfasser
497 2583 582 2634 diesen
613 2583 667 2632 und
696 2584 742 2633 des
771 2584 912 2648 folgenden
937 2585 1040 2648 Tropus
1067 2585 1104 2632 ist
1129 2583 1198 2632 wohl
1228 2583 1390 2634 Wulstan

210 2669 233 2701 v.
251 2651 488 2715 Winehester3
513 2651 566 2718 vgl.
585 2652 679 2703 dessen
696 2651 865 2716 Dinhtuugen
883 2655 912 2701 in
929 2651 1007 2702 Anal.
1024 2653 1123 2715 Hymn.
1142 2651 1265 2711 XLVIII,
1283 2648 1337 2702 9fi.

573 2853 635 2909 210.
662 2853 698 2907 ln
716 2853 816 2909 sancti
834 2852 1030 2909 Athelnoldi.
1100 2932 1102 2935 ι

343 2998 372 3056 1.
396 2996 515 3055 Praesul
537 2996 722 3054 Adelwoldus
746 2997 811 3068 qnia
835 2994 916 3052 fulsit
938 2996 967 3052 in
990 2996 1092 3053 ordine
1114 3012 1241 3071 magnus,

444 3073 548 3129 Statuit
565 3075 590 3129 ei
607 3075 746 3128 Dominus
764 3081 953 3128 testununtum
966 3076 1055 3142 paris,

343 3152 373 3209 2.
397 3149 578 3207 Constituens
601 3150 681 3206 illurn
703 3147 791 3209 hodie
814 3165 902 3220 super
922 3151 1024 3207 aethra
1046 3150 1184 3221 polorum,

445 3233 469 3282 et
482 3229 636 3296 principun
654 3229 717 3295 feeit
735 3246 802 3293 eum,
821 3235 852 3282 ut
871 3230 908 3282 sit
924 3229 967 3281 illi
983 3228 1129 3283 sacerdotii
1146 3229 1276 3295 dipnitos,

347 3305 377 3362 3.
400 3302 509 3378 Gloria,
535 3304 681 3376 splendor,
704 3304 804 3378 honor,
829 3305 916 3361 decus
939 3310 967 3361 et
990 3304 1136 3361 veneratio
1158 3317 1263 3375 perpes

442 3382 474 3434 ln
492 3387 638 3435 moenum.

279 3507 361 3571 Trop.
380 3523 427 3556 ms.
449 3509 630 3558 Wintonienss
648 3523 717 3557 saec.
739 3506 778 3557 11.
808 3508 873 3557 Cod.
892 3508 958 3558 0011.
978 3509 1055 3572 Corp.
1074 3506 1174 3558 Christi
1191 3507 1387 3572 Cantabrigien.

215 3570 270 3624 413.
289 3576 321 3624 Α.
341 3599 375 3608 -
393 3575 503 3625 Goileot.
522 3592 570 3624 ms.
590 3576 616 3626 S.
635 3576 766 3640 Ebrulphi
787 3591 854 3626 sano.
878 3574 915 3625 11.
934 3576 971 3635 (et
991 3573 1040 3635 12.)
1076 3576 1140 3626 Cod.
1160 3575 1329 3625 Alsneonien.
1351 3574 1389 3625 14.

216 3641 347 3762 {RQ-m&
359 3643 381 3692 A
399 3643 439 3692 als
460 3643 508 3707 „ad
523 3643 727 3709 Repetendum“.
748 3671 778 3680 -
799 3645 909 3694 Batreffs
921 3645 967 3695 das
979 3644 1130 3694 Verfassers
1143 3660 1164 3692 8.
1177 3644 1390 3708 vorhergehende

585 3845 647 3901 211.
674 3845 710 3900 In
728 3845 828 3901 saneti
845 3846 1018 3913 tugiunt.

372 3985 399 4044 1.
423 3985 572 4042 Ecclesiae
593 3987 705 4060 doctor,
730 3987 844 4044 Domini
867 4003 978 4059 quoqne
1000 3985 1083 4044 fortis
1106 3992 1219 4050 amator

422 4071 503 4129 Mitis
525 4071 706 4146 Augustinus
729 4073 861 4144 quoniam
885 4070 940 4130 fuit
962 4087 995 4128 ao
1017 4080 1180 4147 venerator,

480 4147 625 4204 Stutuitei
645 4149 785 4204 Dominus
803 4156 989 4204 testamentum
1003 4152 1085 4219 puris

373 4225 402 4283 2.
425 4225 492 4281 Iura
513 4221 674 4285 sacerdotis
697 4226 835 4296 tribuens,
859 4242 914 4297 qno
936 4231 1036 4283 sancta
1058 4225 1169 4302 bearet,

480 4308 504 4356 et
517 4305 671 4373 principem
689 4306 751 4372 feeit
770 4321 828 4358 eum

373 4380 402 4437 3.
424 4377 628 4451 Pontifioisque
651 4381 703 4452 pia
725 4380 824 4436 statuit
847 4379 976 4436 residere
1000 4379 1148 4457 cathedra,

480 4463 512 4510 ut
529 4459 565 4512 sit
582 4459 624 4511 illi
642 4459 785 4512 sacerdotii
802 4459 933 4526 (tinnitus,

372 4533 402 4590 4.
426 4529 479 4601 Qui
501 4528 603 4604 populi
626 4533 675 4605 pia
697 4540 763 4591 vota
786 4529 854 4594 tulit
876 4533 1016 4591 altaribus
1039 4529 1124 4595 almis

481 4611 512 4663 in
529 4617 672 4666 ueternum.
