3409 5384
725 439 1001 557 -aau-⁷

609 693 671 751 647.
702 696 738 749 ln
758 695 884 750 sanctae
903 694 1072 749 Barbarae.

272 832 310 900 A.
335 836 509 915 Recordare,
533 836 758 913 rimamarum,
781 836 918 894 miseriae
934 840 1069 904 nostram
1090 835 1273 908 peccavimus
1287 835 1321 892 ia
1335 835 1433 892 Deum

338 926 472 981 nostrum
494 924 520 981 et
541 921 722 981 incurrimus
744 922 980 996 iudipuotiooem
1000 937 1105 993 suam3

252 1045 310 1103 lo.
342 1043 376 1100 ln
401 1046 430 1098 to
452 1039 630 1108 confidimus,
874 1013 1096 1116 1b.'1mpetra,
1119 1040 1271 1113 poscimus,

384 1126 515 1185 Monstra
537 1133 566 1183 te
589 1126 666 1199 piam
1000 1124 1092 1184 Nobis
1114 1126 1235 1186 veniam.

242 1250 272 1305 ,2
284 1262 310 1305 a.
342 1245 383 1306 Ut
406 1250 500 1303 tecum
522 1246 611 1302 simus
875 1244 931 1304 21).
958 1244 1050 1302 Nobis
1071 1244 1201 1303 omnibus

385 1332 455 1389 Post
477 1330 631 1406 miseriam,
1002 1332 1086 1389 Hanc
1108 1329 1146 1387 da
1167 1330 1304 1402 gratiam3

252 1445 308 1510 So.
341 1450 390 1523 Et,
414 1450 466 1508 hoc
487 1455 518 1507 ut
541 1448 640 1519 iacias,
874 1449 929 1509 31).
956 1448 1065 1507 Laudis
1088 1464 1150 1506 cum
1175 1448 1269 1521 gratia

385 1536 429 1593 Tu
451 1536 603 1609 praeconio
1001 1532 1129 1608 suscipe,
1151 1534 1210 1608 pia,

723 1622 752 1679 4.
776 1618 806 1677 A
827 1620 921 1679 uobis.

330 1755 405 1804 Miss.
425 1754 594 1819 Lingonenaa
613 1754 675 1817 imp.
695 1753 786 1802 Trecis
807 1749 881 1802 1549.
899 1780 933 1789 -
951 1750 999 1814 31),
1020 1751 1032 1802 l
1051 1753 1164 1803 Laudes.

648 1952 711 2009 648.
741 1954 777 2007 ln
795 1954 895 2009 sancti
915 1953 1050 2012 Gratiani.

527 2094 564 2154 A.
590 2094 764 2164 Recordare,
786 2095 931 2174 Turouia,

634 2178 760 2238 Galiaui
776 2181 876 2253 patris
898 2179 1030 2256 iusipuia

637 2265 784 2324 Virtutum
806 2267 894 2336 doma,
919 2284 983 2325 acce
1004 2268 1085 2327 socia

594 2350 684 2410 Cordi
707 2350 807 2410 laudes
831 2352 893 2410 eius
914 2368 1006 2425 sama,·

260 2474 314 2533 la.
349 2471 435 2529 Cuius
457 2478 500 2529 est
522 2472 636 2545 cognita
880 2471 937 2535 lb.
965 2474 1021 2531 Per
1042 2472 1098 2530 sibi
1121 2473 1231 2531 credita

346 2557 444 2615 Virtus
466 2558 558 2616 indita
963 2558 1040 2617 Voto
1062 2558 1185 2630 perdita.

262 2680 318 2739 2o.
350 2674 432 2734 Salus
455 2677 605 2749 praestita,
880 2676 936 2738 ab.
962 2677 1127 2735 Monstrani
1148 2677 1249 2735 inclito

348 2762 448 2833 Coppa
470 2762 585 2820 reddita
963 2762 1062 2820 Sancti
1083 2763 1195 2838 merita,

262 2882 317 2941 3a.
349 2880 436 2939 Cuius
459 2880 589 2939 subsidia
880 2881 936 2944 31).
964 2881 1055 2940 Nobis
1077 2881 1106 2939 in
1129 2881 1240 2955 patria3

347 2964 482 3025 Reddant
504 2966 609 3039 gaudia
962 2967 1104 3040 Asiaque
1126 2968 1174 3040 pia

704 3089 733 3148 4.
757 3086 846 3160 Virgo
867 3086 962 3145 Morio

755 3175 812 3232 Pro
833 3172 926 3231 mobis.

331 3309 406 3357 Mias.
433 3307 586 3358 Turonensa
616 3308 678 3373 imp.
706 3308 847 3371 Rotomagi
876 3303 949 3356 1492.
976 3307 1007 3355 A.
1034 3332 1068 3341 -
1095 3308 1169 3355 Miss.
1195 3306 1349 3356 Turonensa
1378 3307 1440 3371 imp.

261 3372 473 3495 {teppitsgpsciffl
492 3377 521 3425 B.
540 3405 572 3412 —
592 3377 666 3425 Mios.
686 3377 855 3441 Lingonenoe
874 3377 935 3441 imp.
954 3375 1045 3425 Traeis
1064 3372 1139 3425 1520.
1157 3375 1186 3425 C.
1204 3400 1238 3409 -
1255 3370 1308 3433 21),
1335 3370 1441 3423 lMon·

622 3575 684 3632 olo.
711 3577 747 3631 In
766 3576 892 3633 sanctae
911 3574 1095 3633 (innovatae.

266 3720 320 3778 la.
352 3718 437 3777 stetit
460 3716 608 3779 Genoveia
883 3717 936 3779 lb.
965 3720 1057 3779 Omns
1080 3735 1133 3791 pro
1154 3719 1247 3776 salute

350 3804 430 3863 iuxta
451 3805 585 3865 thronum
609 3804 664 3863 Dei
967 3804 1129 3880 languentis
1151 3803 1251 3878 populi

265 3927 322 3983 2a.
354 3924 424 3983 Cum
447 3930 537 3982 matre
559 3924 684 4000 Domini,
883 3924 937 3987 ab.
965 3925 1041 3996 Quos
1064 3925 1142 3983 Deus
1164 3924 1277 3982 audivit

351 4008 462 4081 virgine
483 4009 588 4081 Maria,
966 4026 1029 4069 cum
1052 4010 1222 4078 reverentia,

266 4130 321 4190 iio.
352 4127 392 4185 Et
413 4128 452 4187 ad
472 4134 578 4187 tactum
601 4145 704 4201 capsae
882 4129 940 4193 ab.
969 4127 1123 4203 Profugata
1145 4135 1227 4202 peste

599 4251 628 4309 4.
652 4248 786 4307 Laudant
810 4248 901 4307 Deum
924 4249 1036 4324 turbae,

705 4334 842 4395 Alleluia.

336 4467 411 4515 Miss.
436 4483 482 4517 ms.
503 4467 756 4535 Sungenovefianum
780 4483 848 4517 saec.
866 4465 917 4531 (13.
938 4465 988 4531 14.)
1007 4466 1046 4518 15.
1083 4469 1144 4518 eoo.
1164 4466 1381 4534 Sangenoveiian.
1402 4463 1444 4518 90.

265 4534 297 4585 A.
316 4560 351 4569 -
367 4535 442 4585 Miss.
460 4551 508 4585 ms.
528 4535 782 4602 Sangenovefianum
801 4551 869 4586 saec.
891 4533 961 4588 ¹⁴l1o.¹
991 4538 1055 4588 Cod.
1074 4536 1290 4603 Sangenovefian.
1308 4533 1349 4586 91.
1368 4537 1397 4585 Β.
1410 4562 1445 4570 -

264 4604 343 4668 Zeigt
357 4604 394 4652 im
411 4602 517 4654 Auibau
535 4606 624 4656 atarka
643 4604 856 4671 Abweichungen
873 4622 933 4655 vom
953 4606 1170 4671 Stamm·Tropus
1187 4603 1244 4667 (Nu.
1262 4602 1330 4667 634).
