3409 5384
794 525 1021 588 -194-

352 697 403 760 18.
427 695 595 755 Nescicntes
618 698 731 757 thorum
755 698 856 756 delicti
878 698 996 756 crimine
1018 699 1214 770 sordidatnm3

489 777 606 845 circinos
625 779 694 832 enim
712 784 783 833 snnl.
819 779 861 831 Hi
880 783 1032 846 sequnntur
1049 794 1159 847 conum,
1178 794 1345 848 quocumque
1363 778 1442 844 tero,

354 851 403 912 19.
427 850 482 922 Qui
504 867 567 909 sese
589 869 642 925 pro
664 852 746 910 nobis
771 853 947 910 redimendis
970 869 1156 925 permagnum
1179 853 1260 910 dedit
1282 854 1425 926 pretinm.

487 931 530 984 Hi
550 933 631 998 empti
648 937 714 985 sont
731 947 764 986 erc
780 933 935 986 hominibus
950 933 1091 1000 primitiae
1109 933 1169 986 Deo
1188 937 1212 986 ei
1229 948 1308 1000 cyno,

353 1007 402 1066 20.
428 1005 496 1064 mm
519 1022 575 1078 quo
597 1006 741 1063 laetantur
763 1012 790 1063 et
812 1007 842 1064 in
866 1007 990 1064 aetheris
1012 1023 1079 1065 arce
1100 1007 1240 1078 locantur,

488 1085 560 1140 ctio
577 1100 622 1138 ore
640 1100 731 1140 eornm
749 1102 805 1140 non
823 1091 862 1139 est
879 1087 1015 1140 inventum
1033 1085 1210 1149 mendacium,

354 1159 403 1218 21.
428 1158 481 1230 Qui
503 1159 575 1216 nihil
599 1167 717 1231 egerunt
740 1159 807 1216 mali
830 1175 884 1217 nec
906 1161 1035 1233 cuiquam
1059 1170 1231 1234 nocuernnm

488 1238 547 1292 sine
564 1237 671 1292 monnio
688 1244 753 1292 cont
771 1245 834 1292 onte
850 1239 980 1293 thronum
998 1238 1059 1292 Dei.

354 1313 403 1372 22.
428 1311 512 1370 Felix
534 1311 652 1371 istorum
676 1313 793 1370 nimium
816 1328 895 1371 mors
916 1320 960 1371 est
981 1329 1143 1386 puerorum,

426 1396 556 1470 Regnum
577 1398 719 1456 caelorum
744 1398 820 1471 quod
844 1399 895 1456 dat
915 1398 1056 1471 finemque
1077 1398 1217 1456 laborum.

387 1566 465 1631 Trop.
483 1579 531 1616 ms.
549 1566 683 1632 Progense
701 1583 769 1617 saec.
790 1562 828 1618 18.
866 1566 929 1618 eod.
948 1568 1034 1632 Capit.
1052 1568 1163 1634 Pragen.
1186 1568 1251 1618 Cim.
1269 1563 1295 1616 4.
1315 1567 1347 1616 A.
1367 1593 1406 1600 —
1425 1568 1509 1633 Trop.

319 1637 347 1684 et
364 1633 438 1684 Pros.
462 1649 510 1684 ms.
529 1633 635 1686 Amasti
655 1636 796 1700 Pragcnsis
821 1637 884 1685 anni
906 1632 979 1686 1363.
1015 1637 1078 1686 (lod.
1097 1637 1183 1699 Capit.
1202 1637 1313 1699 Progen.
1332 1636 1353 1684 P
1375 1632 1403 1685 9.
1424 1638 1457 1686 Β.
1476 1661 1510 1669 -

320 1699 350 1762 1,
376 1700 388 1751 1
414 1703 554 1754 infantium
572 1705 607 1764 Β,
630 1704 724 1754 festum
747 1703 813 1754 fehlt
831 1707 860 1754 B.
878 1730 913 1737 —
931 1701 947 1752 2
965 1705 1014 1755 Cui
1033 1719 1082 1754 sua
1100 1706 1133 1757 A:
1158 1704 1346 1753 1110111114.-
1367 1701 1418 1760 14,
1445 1701 1512 1754 3tu

319 1770 385 1822 fehlt
403 1771 456 1820 ΑΒ.
474 1797 508 1805 -
528 1768 567 1829 15,
586 1769 602 1822 2
621 1772 657 1822 Et
674 1772 740 1822 fehlt
757 1775 787 1822 B.
807 1799 841 1807 -
859 1769 900 1833 22,
921 1769 933 1822 l
953 1773 1028 1822 Felix
1045 1775 1173 1822 iustorum
1191 1773 1221 1822 B.
1237 1798 1272 1805 -
1284 1771 1428 1822 Withrend
1441 1773 1511 1824 Vero

320 1836 399 1899 1-5,
425 1837 468 1904 12,
498 1836 542 1901 13,
567 1837 669 1890 20-22
687 1841 850 1892 leoninischo
869 1841 1029 1891 Hexametor
1046 1841 1106 1890 sind
1123 1840 1176 1890 und
1194 1842 1260 1890 Vers
1278 1837 1374 1901 6-11,
1405 1838 1511 1891 14-11

319 1909 397 2026 piperp
419 1909 549 2026 geuisspp
567 1909 714 1974 Rhythmus
739 1910 873 1960 erkennen
898 1910 999 1969 lacoon,
1025 1910 1204 1974 prisentiercn
1227 1909 1284 1958 sich
1302 1909 1372 1958 Vers
1396 1906 1430 1960 18
1456 1911 1512 1960 und

370 1991 410 2026 as
429 1992 501 2028 rerne
542 1993 611 2028 rosa.

629 2211 691 2268 4113.
719 2214 754 2268 In
773 2215 950 2269 sanctorum
967 2213 1188 2269 Innocentium.
1250 2217 1254 2222 “

557 2375 585 2435 1.
609 2373 696 2445 Laus,
718 2372 933 2447 honum-virtus
956 2368 1020 2450 [sit]
1046 2373 1107 2430 Deo
1129 2378 1237 2447 nostro,

609 2457 702 2515 Decus
731 2457 785 2532 (et)
807 2458 958 2531 imperinm
971 2457 1042 2530 vregi
1064 2463 1170 2529 nostro}

607 2543 652 2601 De
675 2548 835 2601 sanctorum
859 2544 1040 2601 innocentum
1063 2542 1200 2615 tripudio,

608 2629 661 2702 Qui
685 2633 791 2700 quanto
813 2629 995 2702 praepollent
1017 2627 1132 2686 honoris
1154 2627 1249 2700 titulo,

608 2714 750 2772 Praesens
773 2713 855 2772 nobis
878 2715 1004 2773 ostendit
1026 2713 1106 2772 lectio

676 2792 740 2846 libri
757 2794 944 2862 Apoealypsis
961 2793 1100 2846 Iohannis
1120 2791 1246 2859 apostoli,

559 2870 587 2928 2.
611 2867 665 2937 Qui
687 2875 719 2923 ut
741 2867 837 2939 aquila

609 2951 669 3010 Soli
692 2950 818 3024 deligens
840 2953 949 3011 lumina

609 3037 690 3096 Caeli
712 3038 795 3109 petiit
818 3038 926 3111 limina,

607 3122 646 3180 Et
668 3122 860 3181 testimoninm
879 3123 1013 3196 perhibet
1035 3123 1071 3180 de
1094 3123 1154 3181 his:

607 3207 647 3266 In
669 3207 770 3266 diebus
791 3209 852 3268 illis
1256 3201 1257 3205 ’

608 3292 694 3366 Ecce,
718 3309 769 3365 ego
792 3295 933 3351 lohannes
955 3293 1017 3350 cidi
1038 3308 1130 3367 supro
1152 3295 1278 3350 monton
1300 3251 1345 3329 -Ι

676 3377 739 3426 orate
756 3374 883 3427 thronum
900 3371 961 3425 Dei.

331 3448 360 3509 3.
382 3443 477 3516 Unde,
501 3445 624 3516 Christe,
647 3447 802 3522 supplices,
945 3450 974 3506 4.
998 3445 1105 3504 Laudis
1127 3461 1195 3517 ergo
1217 3443 1309 3517 gloria

384 3529 468 3588 Tanti
492 3529 559 3588 doni
581 3546 719 3589 memores
997 3531 1063 3591 Tibi
1086 3531 1124 3588 sit
1147 3537 1175 3587 et
1196 3529 1289 3602 gratia

384 3614 499 3673 Laudes
520 3615 575 3673 tihi
597 3616 743 3674 reddimus
997 3617 1085 3675 Patre
1107 3632 1170 3673 cnm
1193 3614 1341 3680 altissimo,

382 3700 522 3759 Altisonis
545 3702 671 3762 vocibus.
996 3702 1050 3775 Qui
1072 3707 1173 3774 regnat
1195 3717 1249 3772 per
1270 3697 1397 3758 saecula.

708 3792 736 3847 5.
760 3788 851 3844 Amen
876 3787 973 3846 dicant
995 3786 1101 3846 omnia.

386 3955 465 4020 Trop.
487 3928 518 4006 et
544 3957 617 4006 Pros.
645 3971 692 4005 ms.
719 3957 871 4006 Pariaienso
896 3957 918 4014 (1
926 3956 1064 4016 Remsusel
1090 3971 1158 4006 saec.
1187 3950 1227 4004 13.
1269 3952 1333 4004 (lod.
1358 3952 1510 4004 Commun.

318 4024 445 4074 Asaisien.
470 4020 527 4073 695.
551 4024 581 4074 A.
603 4050 636 4058 —
659 4026 738 4089 Trop.
763 4040 810 4074 ms.
836 4023 1012 4090 Anglicumlll
1035 4040 1104 4075 saec.
1131 4020 1170 4074 13.
1194 4019 1227 4086 (fr
1263 4017 1397 4083 mentum)
1432 4021 1510 4072 Cod.

318 4091 465 4142 Londinen.
486 4093 562 4142 Harl.
582 4089 655 4142 1010.
675 4094 704 4142 B.
723 4093 847 4156 —Trop
866 4094 1098 4143 msMartialense
1116 4108 1184 4142 saec.
1201 4088 1253 4153 (ll.
1282 4087 1321 4139 12.
1338 4085 1402 4151 (13.)
1432 4089 1511 4140 eoo.

318 4161 432 4209 Parisin.
453 4156 526 4210 1139.
546 4161 574 4211 C.
594 4161 720 4211 -Folia
743 4177 792 4211 ms.
816 4163 907 4211 incert.
927 4163 1020 4226 origin.
1039 4176 1108 4211 saec.
1129 4157 1167 4211 14.
1186 4161 1215 4209 in
1232 4158 1363 4209 Psaltario
1381 4157 1510 4275 pandam

319 4230 395 4292 impr.
419 4228 544 4279 Biblioth.
566 4228 709 4294 Angelicae
740 4226 812 4279 1419.
832 4231 864 4278 D.
883 4256 917 4264 -
938 4227 965 4289 l,
990 4225 1007 4278 3
1030 4231 1210 4280 innocentium
1228 4229 1258 4278 B.
1277 4255 1302 4262 -
1331 4223 1358 4286 1,

318 4297 437 4361 polleant
454 4298 486 4346 D.
503 4325 538 4330 —
555 4293 584 4356 2,
611 4293 676 4346 1-3
700 4297 787 4348 fehlen
809 4297 886 4348 ABG.
903 4324 938 4331 —
959 4295 987 4357 2,
1010 4296 1027 4348 4
1045 4297 1243 4360 (11114311-
1261 4297 1312 4346 Die
1329 4295 1511 4362 Tropiemng

318 4365 366 4414 der
376 4365 479 4429 Epistol
497 4367 533 4414 ist
549 4367 585 4414 im
603 4366 715 4431 iibrigen
729 4367 786 4416 rein
798 4366 943 4429 prosaisch.
956 4393 991 4399 -
1003 4367 1057 4416 Der
1070 4363 1248 4430 rhythmische
1261 4362 1403 4413 Abschluis
1417 4360 1511 4415 findet

319 4432 377 4482 sich
395 4448 444 4482 nur
461 4434 489 4482 in
501 4434 531 4482 A.
549 4459 584 4466 -
600 4431 625 4493 4,
643 4431 661 4483 4
679 4451 725 4498 per
743 4434 908 4483 saeculorum
927 4435 1033 4484 saecula
1045 4434 1077 4482 A,
1093 4460 1127 4467 -
1142 4430 1164 4494 1,
1186 4430 1197 4481 l
1217 4433 1271 4482 und
1289 4429 1305 4481 2
1323 4427 1419 4482 bildon
1430 4435 1508 4483 auch

318 4501 369 4551 don
395 4500 500 4565 Anfang
528 4503 601 4550 einos
628 4508 703 4552 sonst
727 4501 899 4566 pronaischen
925 4505 1028 4567 Tropus
1055 4518 1102 4552 zur
1129 4502 1284 4553 Communio
1312 4498 1359 4565 (ini
1384 4499 1509 4552 Prrimer

317 4567 440 4634 Tropar);
459 4569 560 4620 danaah
579 4571 615 4618 ist
632 4571 717 4620 moine
736 4571 904 4635 Bemerlrnng
922 4573 957 4620 irn
977 4572 1177 4636 „Repertorium
1195 4565 1361 4635 Repertorii“
1378 4568 1420 4631 (8.
1441 4566 1510 4634 224)

318 4637 415 4701 richtig
432 4654 465 4687 uu
483 4637 585 4688 stellsn.
604 4665 638 4672 —
655 4638 792 4688 Kollation
809 4655 863 4688 von
881 4640 903 4688 B
920 4639 974 4689 und
992 4640 1017 4688 D
1035 4638 1118 4688 durch
1135 4639 1284 4688 Banuister.

1423 4241 1511 4289 prae·
