3409 5384
722 489 955 551 -199-

536 662 583 720 13.
606 663 685 734 Quae
710 660 848 734 perfectis
870 661 1016 733 tribuitur,

607 748 686 819 Quae
709 747 787 805 nullo
810 745 867 804 fine
890 746 1043 816 clauditur,

609 833 671 904 Qua
692 831 770 890 Deus
794 847 931 908 praesens
954 831 1090 892 cernitur.

278 910 486 966 Inanuuaten
502 917 528 964 et
545 912 753 965 consultationem
769 911 967 966 thesaurizavit
984 926 1067 979 super
1084 929 1142 965 enm

534 987 583 1045 14.
607 986 686 1044 Dans
710 986 736 1043 ei
758 985 835 1044 vitae
858 987 998 1060 bravium,

605 1070 722 1130 Danaus
744 1075 892 1129 aeteruum
915 1071 1049 1143 gaudium

605 1156 645 1214 Et
666 1156 829 1215 immortale
852 1157 1020 1229 praemium.

278 1242 303 1291 et
325 1237 434 1290 nomine
452 1241 560 1290 aeterno
579 1235 736 1290 hereditabit
753 1235 831 1290 eitun
850 1235 989 1289 Dominus
1009 1236 1086 1289 Deus
1103 1240 1195 1288 nasta
1211 1235 1243 1288 in
1259 1235 1377 1290 suenda.

315 1396 395 1459 Trap.
423 1399 449 1444 et
474 1394 534 1458 Seq.
562 1409 610 1444 ms.
634 1395 851 1446 claromontense
876 1407 945 1443 suea.
973 1389 1010 1442 15.
1053 1392 1116 1443 Cad.
1142 1392 1304 1442 Claromont.
1328 1389 1370 1441 57.
1394 1419 1427 1426 -

233 1463 355 1514 Aufbau
372 1462 425 1512 und
443 1462 591 1526 Rhythmus
611 1464 661 1512 wie
681 1463 722 1512 bei
741 1463 786 1512 Nr.
808 1456 859 1511 389
878 1461 931 1511 und
951 1457 1010 1511 393.

639 1713 700 1771 408.
728 1713 764 1768 Iu
782 1713 883 1770 sanati
902 1713 1033 1769 Nicolui.

233 1893 298 1955 la.
334 1892 398 1950 Huc
421 1893 499 1950 clam
522 1893 578 1968 die,
602 1900 695 1968 turma
865 1892 920 1954 lb.
950 1893 1132 1965 concrepans
1154 1891 1322 1968 Nicolaum

332 1975 444 2048 festiva,
469 1979 506 2036 da
948 1978 1062 2035 laudem
1085 1979 1145 2036 eius

334 2063 488 2136 praeconia
948 2063 1114 2135 pronuntiat
1133 2106 1136 2113 .

654 2141 746 2196 Lectio
767 2141 832 2194 libri
850 2141 1018 2210 Sapientiae,

551 2251 581 2308 2.
605 2248 711 2306 Salutis
735 2265 829 2321 causa,

604 2334 681 2392 vitae
702 2341 787 2406 porta
810 2342 958 2406 perpetuu.

494 2448 519 2502 3.
537 2447 643 2501 Beatus
660 2449 709 2511 air,
729 2450 778 2516 qni
795 2451 922 2502 inuentus
940 2454 978 2502 est
995 2450 1054 2501 sine
1071 2451 1179 2503 maenia

237 2539 273 2582 a.
311 2522 392 2580 Iuste
414 2528 444 2579 et
463 2528 561 2580 sanate
869 2523 896 2581 b.
925 2523 1042 2582 Caduca
1061 2524 1115 2580 rite

307 2605 442 2680 vivendo,
926 2608 1076 2680 deputans.

309 2695 338 2750 et
359 2692 409 2764 qui
425 2697 493 2765 post
514 2709 623 2751 aurunt
925 2693 1112 2768 Qnisestitio?
1123 2694 1426 2752 Etiaudabirnuseune

306 2793 370 2836 non
392 2777 472 2851 abiit,
924 2780 1056 2837 Amicum
1072 2779 1139 2851 Dei3
1157 2781 1224 2852 feeit
1239 2796 1262 2839 e.
1273 2778 1426 2836 mirabilia

307 2890 613 2908 «vwwwwwvw
924 2864 958 2920 in
979 2865 1039 2921 uita
1061 2881 1117 2923 sna

306 2947 383 3006 Auri
405 2948 501 3020 pondo
523 2948 609 3005 trium
931 2951 1018 3009 Plena
1039 2949 1175 3022 operibus

307 3033 449 3105 virginum
927 3034 1009 3092 bonis
1032 3041 1061 3091 et

310 3118 432 3176 redemit
455 3118 604 3190 pudorem,
926 3121 1129 3194 eleemosynis3

306 3219 362 3262 neo
382 3203 509 3276 sperant
530 3204 563 3260 in
580 3203 710 3276 persenia
809 3221 814 3236 ¹
926 3205 977 3276 ani
996 3206 1138 3282 probatus
1161 3209 1202 3263 est
1223 3204 1256 3261 in
1278 3203 1329 3264 iiio

308 3294 336 3349 et
356 3288 499 3348 thesauris
926 3295 951 3348 et
968 3291 1114 3363 perfeetum
1136 3296 1176 3348 est

551 3415 580 3469 4.
605 3408 672 3478 Ore,
701 3408 797 3482 eorde,
820 3425 925 3485 opere3

604 3496 630 3551 et
652 3493 706 3551 erit
727 3492 772 3550 iili
792 3493 889 3567 aleria
910 3499 1039 3569 uetusta,

234 3617 299 3674 5s.
335 3611 369 3668 In
391 3626 447 3682 qua
470 3612 584 3669 assidue
606 3609 677 3670 felix
866 3611 921 3671 sb.
953 3615 1073 3684 Propter
1092 3628 1216 3670 amorem
1240 3610 1356 3669 Domini

331 3694 503 3774 laetabitur3
950 3700 1015 3757 Iesu
1038 3697 1154 3756 Christi.

330 3780 383 3853 aui
397 3777 496 3854 potnit
517 3782 684 3855 transaredi
947 3783 1018 3842 Ideo
1040 3783 1170 3842 stabilita
1191 3785 1260 3841 sunt

330 3872 356 3926 et
379 3882 440 3924 nan
462 3871 502 3926 ae
522 3871 720 3941 transaressus
949 3869 1025 3927 bana
1046 3868 1128 3926 illins
1149 3868 1182 3926 in
1204 3867 1344 3947 Dominio,

329 3953 365 4011 In
388 3952 490 4010 timore
949 3955 1004 4026 Qui
1026 3961 1139 4012 sanatas
1162 3969 1228 4012 suos

330 4042 360 4095 et
382 4053 479 4095 umore
501 4045 588 4116 custo,
948 4039 989 4096 ite
1010 4037 1168 4117 glorificum

330 4125 357 4181 et
379 4122 476 4195 faeere
496 4123 577 4181 maia
949 4127 975 4181 et
997 4125 1191 4199 eleemosynas
1212 4124 1293 4185 iilius

329 4211 357 4268 et
379 4224 440 4264 non
462 4208 531 4281 feeit
946 4210 1096 4267 enarrabit
1118 4228 1143 4272 a.
1167 4211 1231 4272 eoei.
1245 4213 1425 4272 sannorum.

552 4332 580 4388 6.
604 4328 696 4386 Huius
719 4338 848 4400 precatu,
872 4330 1005 4399 Domine,-

605 4413 740 4471 Nostmm
763 4421 874 4473 reatum
898 4414 976 4471 dilue

607 4506 717 4558 Arcens
739 4499 807 4555 mali
831 4500 1004 4571 contagium,

594 4585 689 4642 -Vitae
712 4599 860 4642 removens
883 4584 1019 4644 taedium.
