3409 5384
728 506 962 568 -111—

612 683 641 737 4.
665 679 841 737 Praevidens
864 680 1014 750 psalmista

666 765 696 821 ln
720 761 816 822 futuro
839 770 919 836 gesta

664 849 822 908 salvatoris
843 846 980 906 melliflua

664 937 780 993 Intonat
802 935 935 992 laudibus
959 935 1068 992 dioens:

511 1014 654 1080 Loquetur·
671 1013 811 1067 Dominus
827 1030 922 1081 nucem
940 1014 972 1066 in
984 1014 1086 1080 plebem
1103 1030 1183 1067 suum

663 1089 787 1146 Veniens
809 1090 846 1146 ad
870 1088 1004 1146 iudicium

510 1171 535 1218 et
553 1183 634 1234 saner
652 1174 761 1221 sanctos
779 1183 845 1222 auos

287 1241 318 1300 5.
341 1239 460 1298 Sedebit
481 1242 510 1298 in
533 1247 679 1299 aeternum
902 1245 930 1302 6.
953 1241 1109 1300 Exsultans
1131 1240 1269 1311 gaudebit

340 1341 463 1400 regnans
486 1342 549 1384 oum
571 1326 646 1398 illis;
952 1327 981 1384 in
1004 1334 1183 1399 perpetuum.

391 1411 416 1459 et
436 1407 539 1471 ineos,
557 1406 606 1472 qni
625 1412 818 1460 convertentur
1004 1412 1048 1460 Ps.
1067 1405 1240 1460 Bemdauiati
1255 1434 1290 1444 -
1307 1405 1399 1460 Inoob.

390 1473 428 1528 ud
442 1475 543 1544 insum,
586 1527 590 1542 ‚
1005 1474 1103 1528 Gloria
1116 1475 1195 1541 putri
1212 1480 1258 1528 ate.

363 1550 390 1608 7.
415 1549 550 1626 Verbum,
572 1563 643 1622 pax,
667 1549 819 1622 sapientia,
842 1565 901 1621 qua
923 1555 987 1607 sunt
1010 1549 1105 1606 omnia
1128 1546 1217 1621 faeta,

413 1635 567 1693 Mirandae
590 1635 705 1692 virtutis
727 1651 802 1706 opus
825 1641 974 1707 praestare
994 1640 1103 1702 suetus,
1191 1670 1192 1673 κ

509 1718 568 1778 Eia,
587 1713 727 1781 Loquetur
745 1714 887 1769 Dominus
901 1730 997 1782 paoem
1014 1719 1059 1767 ete.

322 1838 443 1887 Pession.
467 1854 515 1887 ms.
535 1837 561 1888 S.
579 1837 736 1888 Theoderici
754 1839 891 1888 Remensis
916 1853 984 1887 saec.
1009 1833 1077 1886 ¹⁰l11.
1114 1837 1177 1886 Cod.
1196 1838 1317 1886 Votieno.
1336 1838 1430 1900 Regin.

245 1903 313 1959 466.
331 1931 365 1940 —
384 1903 407 1969 l,
425 1903 442 1956 2
459 1907 502 1957 Eb
519 1905 597 1955 homo
615 1902 658 1968 (El
677 1906 798 1956 homo=
809 1909 881 1956 Deus
899 1903 1000 1970 homo);
1019 1905 1065 1954 der
1076 1907 1153 1955 Reim
1171 1910 1264 1970 potens
1281 1933 1316 1942 -
1335 1909 1431 1954 tonans

249 1974 391 2028 bekundet
407 1975 459 2025 den
475 1972 673 2024 iranzbsisohen
684 1977 823 2039 Ursprung
837 1974 883 2023 des
896 1975 1008 2038 Tropus.
1026 1999 1061 2007 —
1078 1970 1102 2034 2,
1121 1971 1137 2022 2
1149 1976 1207 2039 ipso
1218 1974 1292 2024 Deus
1303 1972 1345 2036 (st
1358 1971 1432 2035 suis),

250 2048 370 2099 morstbrt
386 2043 437 2093 den
454 2044 624 2092 Binnenreim
642 2041 697 2103 (cir.
717 2041 822 2092 Sohluis
839 2058 893 2091 von
911 2038 944 2104 3).
962 2071 995 2078 -
1014 2041 1149 2092 Absohrift
1165 2058 1219 2092 von
1236 2043 1385 2092 Baunister.

489 2277 551 2334 242.
580 2279 615 2332 ln
633 2292 674 2334 ss.
694 2277 860 2346 HermetiS,
878 2277 1050 2345 Augustini,
1069 2276 1199 2344 Pelagii.

412 2423 438 2483 l.
463 2419 630 2478 Sanctorum
655 2415 740 2480 testis
762 2420 848 2477 bodie
871 2417 1027 2476 laetabitur
1047 2415 1145 2496 orbis3

464 2504 550 2564 Unde
573 2505 649 2562 oanit
670 2506 782 2577 psaltes
806 2505 842 2562 de
864 2504 972 2564 Christi
994 2520 1110 2562 munere
1132 2503 1278 2580 gundens;

522 2583 608 2637 Salus
627 2591 716 2638 autem
733 2585 872 2638 iustorum
889 2599 907 2636 u
925 2582 1053 2647 Domine,

410 2661 439 2718 2.
463 2658 601 2716 Viventes
623 2659 701 2720 iuste
723 2659 772 2731 qui
793 2659 919 2732 vineunt,
943 2673 1056 2729 semper
1078 2657 1114 2714 ab
1137 2658 1221 2718 hoste

520 2742 544 2790 et
558 2743 695 2805 protector
711 2753 803 2791 eorum
820 2743 866 2802 est,

411 2814 440 2870 3.
465 2810 534 2870 Cum
557 2828 665 2883 poenas
687 2808 768 2883 passi
791 2811 979 2870 succumbunt
1000 2826 1087 2882 saepe
1110 2806 1204 2870 dolori

521 2893 552 2944 in
569 2897 684 2960 tempore
701 2891 897 2946 tribulationie.

412 2968 441 3028 4.
465 2965 525 3023 Nos
547 2965 596 3038 pie
617 2966 761 3028 cantando
785 2972 899 3024 sanctos
921 2980 1089 3026 veneremur
1111 2963 1225 3024 ovando

467 3051 592 3120 Quorum
609 3051 673 3108 laus
696 3049 801 3123 fertur,
826 3068 888 3109 cum
910 3052 985 3110 ratis
1008 3067 1062 3108 vox
1085 3051 1226 3109 iteratur:

521 3130 605 3184 Solus
623 3135 715 3184 nutem
732 3131 869 3184 iustorum
886 3148 905 3183 a
924 3130 1044 3184 Domino
1062 3135 1109 3182 ete.

413 3207 439 3264 5.
462 3205 634 3262 Psalmistae
656 3219 752 3282 rouen,
777 3206 857 3279 sooii,
880 3212 1043 3277 repetamus
1066 3209 1202 3262 ovantes:

522 3285 606 3338 Salus
624 3290 714 3338 nutem
731 3286 868 3340 iustorum
885 3301 904 3337 u
921 3283 1044 3337 Domino
1062 3289 1108 3337 eto.

327 3409 406 3473 Trop.
424 3425 472 3458 ms.
491 3411 624 3474 Augiense
643 3423 711 3458 eaeo.
732 3406 771 3459 10.
807 3410 871 3459 Ood.
890 3410 1061 3473 Bambergen.
1078 3407 1121 3457 Ed
1139 3408 1163 3455 V
1181 3402 1206 3457 9.

281 3609 315 3624 f

627 3642 689 3699 243.
716 3645 761 3699 lie
782 3645 889 3700 sanoto
907 3643 1063 3698 Ianuario.

426 3789 454 3849 1.
478 3787 630 3847 Cantemus
653 3782 733 3860 laeti,
757 3784 872 3863 fratres,
896 3787 1087 3844 modulamine
1110 3779 1199 3857 dulei,

477 3872 555 3943 Quae
577 3873 725 3944 symmista
747 3872 810 3933 Deo
833 3870 946 3943 profert
968 3873 1009 3928 sio
1031 3870 1120 3928 verba
1141 3868 1290 3931 canendo:

540 3951 646 4004 Multae
664 3952 854 4004 tribulationes
872 3953 1015 4015 iustorum,

426 4029 455 4085 2.
478 4024 522 4083 De
545 4042 662 4097 quorum
688 4040 805 4087 numero
828 4027 945 4097 praesui
967 4023 1115 4083 Ianuarius
1138 4023 1216 4084 aimo

480 4109 551 4168 Cum
572 4111 658 4168 sociis
681 4126 789 4182 poenas
812 4110 955 4168 tolerabat
977 4124 1097 4181 corpore
1119 4109 1242 4179 muitas3

542 4195 566 4242 et
583 4190 614 4242 de
633 4191 675 4242 bis
697 4191 821 4243 omnibus
840 4190 1022 4243 liberantem
1041 4188 1187 4251 Dominus,

428 4265 456 4324 3.
479 4263 564 4322 Eruit
586 4281 620 4321 ex
643 4266 757 4336 gemino
781 4266 829 4337 qui
852 4273 966 4322 sanctos
989 4264 1070 4321 hoste
1093 4269 1212 4323 omento

480 4350 608 4422 Protegit
630 4365 664 4406 ae
686 4345 757 4410 fidei
779 4367 880 4422 parma
901 4351 1039 4422 galeaque
1061 4343 1189 4419 salubri3

541 4427 681 4482 Dominus
699 4428 816 4482 custodit
834 4431 927 4483 omniu
945 4445 1009 4482 osso
1026 4443 1125 4492 eorum,

541 4513 628 4550 unum
646 4513 678 4550 en
694 4498 736 4550 bis
754 4513 811 4550 non
828 4502 982 4552 nommetur.

331 4619 411 4684 Trop.
431 4635 477 4669 ms.
496 4620 629 4686 Augiense
646 4636 713 4674 saec.
734 4618 774 4671 10.
810 4621 873 4672 Ood.
892 4622 1066 4684 Bambergen.
1084 4620 1126 4670 Ed
1144 4621 1167 4668 V
1185 4617 1209 4670 9.
