3409 5384
685 494 919 555 -239-

202 662 263 720 2a.
297 663 377 733 Quae
398 663 518 721 caelitus
831 668 886 726 21).
912 666 1009 738 Atque
1031 666 1117 737 pleno

295 747 375 805 illius
397 747 533 808 hauseras
915 753 1007 824 gretia
1029 751 1156 823 parturis

296 831 379 890 verbi
403 835 569 906 mysterium
914 836 1044 894 omnibus
1067 837 1182 912 gaudie,

633 955 775 1015 intercede
791 973 849 1028 pro
872 956 964 1015 crebis.

279 1101 361 1166 Trop.
377 1119 424 1152 ms.
438 1104 652 1156 Emmeramense
670 1110 733 1157 anni
750 1104 892 1159 1024-36.
923 1111 1139 1160 OlmMonacen.
1164 1106 1305 1159 14322-
1320 1107 1393 1158 Aueh

201 1170 233 1216 in
253 1169 304 1218 der
315 1171 432 1221 Meiodie
450 1174 510 1223 sind
527 1171 566 1224 2a
585 1176 638 1224 und
656 1173 694 1226 2b
713 1177 824 1240 parallel
838 1179 944 1240 gebaut.
958 1205 992 1212 —
1004 1179 1050 1227 Als
1064 1178 1216 1243 prosaisohe
1228 1178 1391 1229 Introductio

201 1237 272 1301 geht
297 1254 407 1290 vorans:
434 1242 554 1305 „Laudes
578 1244 671 1308 dignas
696 1247 837 1310 praecipue
863 1262 987 1296 canamus
1007 1246 1124 1306 Christo,
1151 1247 1201 1296 soli
1220 1248 1290 1307 Dee,
1316 1262 1392 1311 quem

201 1307 299 1370 angeli
319 1309 348 1357 in
366 1308 418 1358 alto
437 1311 492 1374 poli
505 1317 623 1361 sanetum
637 1313 809 1377 proclamant,
827 1320 857 1363 ut
868 1331 916 1364 nos
929 1317 958 1365 in
970 1317 1062 1364 metris
1075 1315 1148 1365 illius
1160 1315 1304 1364 festivitate
1318 1329 1393 1365 sacra

199 1375 339 1425 concedat
355 1378 456 1439 laetari,
475 1376 617 1430 Alleluia“.

495 1612 558 1671 463.
588 1617 624 1670 ln
642 1615 863 1672 Puriflcetione
881 1591 997 1674 Beetee
1015 1620 1056 1676 11.
1077 1620 1113 1677 V.

202 1771 261 1831 la.
297 1770 396 1829 Novus
638 1750 641 1754 r
831 1777 888 1836 lb.
915 1777 988 1833 Novi

342 1857 526 1930 novaelegis
549 1859 673 1927 nuntius,
956 1870 1055 1934 postor
1077 1862 1173 1936 gregis
1193 1862 1336 1937 proprius,

544 1979 596 2036 lc.
623 1977 753 2035 Summus

663 2067 764 2122 summi
788 2066 864 2138 regis
887 2064 972 2139 filius,

201 2183 260 2243 2a.
290 2181 425 2240 Nostmm
447 2184 595 2260 luminare,
829 2183 885 2242 rh.
912 2183 973 2241 Nos
994 2184 1156 2242 illuminare

202 2304 260 2360 3a.
295 2301 392 2359 Hodie
827 2303 883 2363 eh.
910 2303 1012 2376 Specie

338 2387 403 2445 Non
427 2395 470 2445 est
493 2389 673 2462 dedignatus,
955 2390 1061 2448 Nostra
1084 2389 1228 2462 palliatus.

565 2512 594 2567 4.
619 2507 736 2566 Gloriae

662 2593 782 2665 Templo
805 2599 1019 2666 praesentatum

663 2678 804 2754 VidimuS,
828 2695 911 2750 quem
934 2687 1031 2737 uotum

703 2763 893 2826 Audivimus

278 2911 402 2964 cantion.
426 2929 475 2965 ms.
498 2915 570 2964 Petri
594 2915 627 2964 de
650 2915 760 2965 Medicis
785 2915 938 2979 (Gallicum)
961 2932 1029 2966 saec.
1056 2912 1095 2967 13.
1135 2915 1197 2966 Ood.
1222 2917 1391 2966 Laurentium.

201 2981 244 3031 Pl.
264 2978 310 3032 29.
331 2979 353 3031 1.
373 3008 407 3016 -
423 2978 470 3043 31),
488 2980 505 3032 2
523 2985 645 3033 Nostrae.
665 3009 698 3019 -
715 2981 801 3034 Allem
816 2984 951 3035 Ansohein
970 2985 1038 3034 nach
1050 2986 1216 3050 Tropierung
1234 2985 1279 3034 des
1292 2985 1392 3036 Gradu·

203 3051 261 3099 ale:
291 3049 478 3116 „suscepimus
504 3052 575 3101 Deus
598 3053 874 3103 misericordiam
898 3063 971 3102 tuam
994 3059 1042 3103 eto.
1079 3050 1116 3107 V.
1136 3053 1234 3102 Sicut
1257 3053 1394 3107 audivi2

207 3135 293 3178 mus,
317 3121 368 3169 ite
391 3124 424 3170 et
446 3119 594 3169 vidimus
619 3121 653 3170 in
679 3122 824 3170 civitate
849 3122 911 3170 Dei
935 3124 1058 3183 nostri,
1083 3124 1115 3170 in
1140 3126 1250 3171 monte
1275 3127 1393 3171 sancto

206 3186 309 3236 eius“.
333 3214 366 3220 -
390 3189 422 3237 In
444 3188 491 3238 der
516 3188 609 3249 Quelle
630 3189 701 3239 steht
723 3204 766 3237 am
791 3188 911 3240 Schluis:
938 3185 1260 3255 Mis[erieordiam]“.
1285 3216 1318 3224 —
1341 3191 1393 3240 Die

207 3254 484 3322 Strophenabteilung
502 3256 553 3306 soll
571 3272 621 3306 nur
640 3257 683 3307 die
701 3257 829 3306 textliehe
844 3257 929 3319 [nicht
947 3257 1146 3319 musikelisohe)
1162 3259 1318 3323 Symmetrie
1335 3274 1393 3307 ver·

206 3324 425 3374 ansehauiiehen.

500 3475 562 3533 464.
590 3477 626 3531 ln
643 3477 856 3545 resumptione
875 3477 992 3532 Beetee
1011 3478 1052 3532 11.
1072 3477 1107 3533 V.

254 3622 265 3676 1
296 3616 389 3694 Audi,
415 3626 503 3695 recte,
913 3618 953 3676 Et
975 3619 1097 3687 inclino,

296 3700 476 3777 Praeeiecta,
915 3704 1030 3777 Divina,

296 3787 412 3845 Dilecto
959 3791 1086 3860 Benigne

341 3875 421 3931 Vena
444 3873 552 3948 veniae,
958 3874 996 3930 Et
1020 3875 1105 3945 digno

254 3966 271 4017 5
341 3958 483 4016 Laetitiae
851 3961 890 4019 15
915 3958 1027 4016 Aurem
1049 3963 1131 4016 tuam
1155 3959 1338 4036 laudandam,

340 4044 458 4117 Hortus,
475 4042 539 4102 fons
550 4045 775 4118 misericordiae,
915 4045 1140 4118 Decautendom,

294 4129 395 4188 Plebis
419 4131 476 4187 dux
498 4130 557 4203 pia,
915 4130 1084 4206 Amandam,

293 4214 387 4289 Audi,
411 4213 485 4292 filio,
915 4214 1389 4290 Quiaeorrcupioitreesanetorum

339 4299 380 4357 Et
400 4300 465 4358 eide
486 4307 648 4359 sanctorum
914 4302 953 4358 Et
976 4302 1053 4358 Deus
1076 4302 1241 4373 augelorum

234 4387 273 4444 10
342 4385 448 4458 Regem
471 4387 637 4459 angelorum
847 4389 887 4446 20
953 4387 1082 4458 Speciem
1103 4389 1195 4448 team.

278 4537 380 4586 Direot.
398 4553 444 4586 ms.
465 4538 539 4587 chori
558 4538 724 4588 Seooviensis
743 4539 805 4586 anni
826 4533 899 4586 1345.
930 4538 993 4587 Cod.
1006 4539 1132 4589 Graecen.
1152 4534 1209 4587 756.
1222 4538 1253 4585 A.
1265 4563 1300 4570 —
1311 4533 1391 4586 Grad.

212 4619 260 4654 ms.
279 4605 459 4656 Altovadense
477 4609 539 4656 anni
560 4603 633 4656 1410.
665 4605 728 4656 Cod.
746 4601 902 4655 Altovaden.
920 4602 963 4654 42.
981 4608 1010 4655 Β.
1027 4604 1088 4656 -4
1104 4606 1188 4656 Plena
1206 4607 1299 4654 veniae
1314 4605 1343 4654 B.
1359 4631 1393 4638 —-
