3409 5384
632 1318 673 1385 11.
709 1316 903 1386 offertoria
924 1318 1151 1401 Rhythmica.

762 1572 824 1630 161.
852 1575 916 1630 Pro
935 1574 1026 1630 Pace.

302 1716 358 1776 la.
390 1716 493 1775 Pacem
517 1720 593 1773 tuam
616 1716 697 1773 mitte
720 1716 811 1793 nobis,
921 1716 977 1777 11).
1004 1715 1085 1775 Sicut
1107 1717 1194 1775 corde
1213 1734 1287 1790 puro
1308 1718 1397 1777 uobis

431 1800 482 1859 Pie
505 1800 629 1872 Christe,
653 1801 783 1876 coelitus,
1047 1805 1074 1861 A
1096 1809 1126 1860 te
1149 1803 1212 1861 dari
1235 1804 1369 1875 petimus.

304 1890 359 1981 2)).
391 1919 461 1979 Cum
481 1936 591 1979 summo
614 1920 700 1978 simus
723 1917 825 1979 afflicti
921 1920 977 1982 ab.
1005 1921 1123 1994 Absque
1144 1928 1193 1979 tua
1214 1922 1349 1996 largitate

431 2005 592 2079 Languere,
616 2021 671 2064 uon
693 2021 843 2077 possumus
1048 2006 1181 2067 Liberuri
1202 2009 1344 2082 protinus.

302 2127 356 2186 Sa.
388 2125 502 2183 idcirco
525 2124 651 2183 lacrimis
674 2121 745 2182 lusis
922 2125 977 2187 ab.
1005 2126 1044 2187 Ut
1066 2127 1178 2184 miseris
1201 2126 1275 2185 hauc
1297 2128 1456 2187 concedas

435 2210 538 2270 Cordis
560 2226 661 2283 preces
685 2206 840 2288 tundimus,
1047 2212 1117 2269 Tuis
1140 2211 1223 2269 dulce
1245 2212 1382 2284 precibus

630 2332 658 2390 4.
681 2328 738 2385 Hic
761 2334 789 2385 et
812 2329 926 2387 excelso
949 2330 1091 2387 caelorum

723 2416 819 2486 lpsam
842 2414 982 2474 omnibns.

368 2549 444 2599 Miss.
463 2549 631 2600 Pictaviense
650 2552 711 2615 imp.
728 2551 841 2599 Parisiis
861 2545 935 2599 1498.

607 2746 669 2803 653.
697 2747 732 2801 In
750 2746 922 2804 latinitate
940 2748 1057 2805 Boutae
1074 2748 1116 2805 11.
1134 2749 1170 2806 V.

297 2876 356 2934 la.
380 2874 447 2946 Cor,
471 2889 575 2931 manus.
593 2871 746 2949 offerimus,
916 2873 973 2933 lb.
1002 2873 1059 2933 Sed
1082 2873 1161 2947 quid,
1186 2889 1250 2931 cour
1273 2876 1443 2953 recolimus,

385 2957 433 3016 Ad
455 2965 575 3018 matrem
599 2955 785 3035 confugimus,
1000 2961 1089 3032 Quam
1112 2975 1199 3032 grave
1223 2959 1421 3032 deliquimus?

384 3044 429 3102 Do
450 3050 543 3101 matre
566 3042 743 3117 confidimus,
1001 3044 1112 3103 Statum
1134 3051 1263 3102 nostrum
1283 3046 1473 3124 plangimus,

424 3130 497 3202 Quia
519 3134 621 3189 mater.
1042 3129 1112 3189 Cum
1134 3129 1172 3187 sit
1193 3136 1267 3190 ater.

298 3250 353 3308 2a.
382 3248 470 3326 Ergo,
493 3249 580 3321 plena
602 3248 704 3321 gratia,
916 3247 973 3310 ab.
999 3249 1092 3309 Utin
1114 3249 1187 3307 caeli
1209 3249 1288 3307 curia

383 3332 455 3405 Spes
478 3339 576 3391 nostre
598 3333 747 3407 primaria,
1002 3336 1072 3393 Post
1092 3334 1164 3393 haec
1185 3335 1355 3394 transitoria

384 3419 441 3477 Per
462 3419 533 3477 haec
555 3419 631 3477 vitae
654 3419 738 3477 devio
1003 3420 1083 3478 Patri
1103 3426 1170 3478 nato
1192 3421 1311 3492 praevia

354 3573 358 3579 ¹
426 3502 487 3563 llos
510 3510 661 3578 sustentes,
1044 3504 1104 3563 Nos
1126 3511 1303 3578 praesentes.

366 3638 442 3689 Mina.
460 3637 636 3689 Laudunense
654 3639 717 3702 imp.
736 3639 850 3688 Parisiis
870 3634 944 3688 1557.
964 3664 997 3673 -
1016 3635 1064 3700 2b,
1082 3635 1099 3689 2
1115 3640 1167 3690 Per
1183 3638 1257 3690 haec.

584 3837 647 3894 654.
674 3838 710 3891 In
728 3837 944 3908 compassione
961 3838 1080 3894 Baetae
1097 3838 1139 3895 11.
1159 3840 1193 3895 V.

299 3964 353 4025 la.
386 3963 531 4023 Christum
555 3979 638 4022 cruce
660 3971 802 4023 mortuum
919 3965 974 4025 lb.
1000 3964 1115 4022 Moesta
1137 3970 1230 4022 mater
1251 3965 1359 4037 aspicit

429 4055 541 4108 nostros
564 4049 601 4108 ob
624 4046 755 4108 deiectus
1043 4050 1107 4121 pios
1127 4064 1180 4122 per
1201 4047 1319 4108 affectus

299 4170 353 4232 2a.
383 4167 423 4225 Et·
446 4168 580 4229 clamavit
604 4168 735 4229 lacerans
918 4167 974 4230 ab.
1002 4168 1067 4226 Heu
1088 4184 1143 4247 me,
1166 4168 1242 4227 iacet
1263 4166 1340 4227 filius

429 4254 549 4326 capillos
573 4260 602 4311 et
624 4262 740 4326 pectus:
1044 4269 1124 4312 meus
1146 4253 1194 4311 hic
1216 4255 1382 4329 despectus,

300 4374 354 4432 Sa.
385 4372 487 4445 Nuper
508 4373 585 4430 inter
605 4372 684 4431 milia
917 4373 975 4434 ab.
1002 4372 1042 4433 Ut
1064 4389 1178 4433 murrae
1201 4371 1357 4432 fasciculus

428 4458 477 4531 qui
500 4454 554 4515 luit
578 4456 696 4518 electus.
1044 4474 1124 4516 meus
1147 4459 1190 4517 sic
1211 4458 1344 4517 dilectus.

368 4591 444 4645 Miss.
463 4592 632 4656 Lingonense
651 4593 713 4656 imp.
731 4590 821 4642 Trecis
841 4588 916 4643 1549.
934 4618 968 4628 -
989 4588 1037 4655 31),
1058 4589 1071 4642 l
1091 4593 1173 4643 Sicut
