3409 5384
636 775 697 831 lui.
725 776 760 828 ln
779 773 980 830 liedioatioue
998 775 1164 831 Ecclesiae.

389 953 419 1012 1.
442 950 589 1010 Laudibus
612 952 754 1008 insomnes
778 952 883 1008 instate
906 950 1067 1008 celebribus
1089 967 1186 1010 omues

444 1036 538 1095 Verba
560 1053 641 1093 mern
660 1042 756 1093 mente
778 1035 928 1108 psallendo
952 1035 1038 1095 lacob
1061 1036 1258 1110 patriarchae:

518 1116 658 1169 remorta
675 1121 714 1168 est
733 1117 808 1170 locem
825 1117 891 1182 iaia·
910 1115 953 1168 hc'c
972 1115 1068 1169 domos
1085 1116 1140 1170 Dei
1157 1121 1196 1170 est

517 1189 541 1237 et
554 1189 639 1252 porta
657 1184 732 1248 caeli,
751 1189 775 1237 et
791 1185 930 1238 uocabitur
947 1185 1014 1237 oola
1031 1183 1093 1249 Dei,

391 1261 420 1319 2.
442 1259 532 1332 Quam
556 1273 606 1316 nos
629 1259 738 1316 intrare
762 1258 859 1316 brevis
882 1259 953 1316 hoec
975 1267 1041 1330 post
1062 1265 1192 1331 tempore
1215 1259 1290 1317 vitae

443 1343 591 1402 Ecclesiae
613 1344 710 1416 sponsi
732 1345 871 1401 concedat
893 1344 987 1416 gratia
1010 1344 1126 1405 Christi.

518 1423 608 1491 Quom
623 1422 720 1477 dilecta
737 1423 914 1477 tabernaculo
932 1429 988 1487 toa,
1006 1422 1125 1478 Domine
1142 1424 1285 1478 admont

519 1493 727 1560 commisceret
744 1491 831 1559 defiat
849 1493 945 1545 aalma
963 1507 1019 1545 meo
1037 1491 1069 1544 c'a
1087 1493 1160 1545 atrio
1178 1490 1301 1546 Domini.

394 1569 421 1627 3.
444 1565 526 1623 Festi
548 1566 708 1638 praesentis
731 1582 794 1623 cum
817 1566 875 1623 sint
898 1567 974 1623 velut
996 1565 1098 1624 umbra
1120 1566 1264 1640 sequentis

443 1650 567 1724 Gaudia,
591 1651 715 1708 sollicite
738 1651 903 1709 studeamus
926 1653 963 1709 cd
987 1651 1038 1709 illa
1060 1653 1167 1712 venire.

518 1731 657 1783 Terribilis
676 1736 715 1783 est
733 1731 807 1783 locos
825 1731 876 1783 istc
894 1738 939 1782 cic.

384 1889 462 1952 Trop.
481 1904 528 1937 ms.
541 1888 732 1938 Ottoburanum
752 1904 819 1938 saec.
840 1886 879 1938 12.
892 1890 928 1936 in.
941 1889 1007 1940 Clm.
1020 1890 1157 1938 Monacen.
1171 1883 1268 1938 27130.
1281 1887 1312 1937 Α.
1330 1913 1364 1922 -
1382 1888 1498 1938 Collect.

315 1972 363 2006 ms.
385 1956 594 2007 Millcstadiense
621 1972 689 2006 saec.
719 1953 758 2005 12.
798 1955 862 2006 (iod.
885 1958 1012 2007 Graecen.
1038 1953 1112 2006 1449,
1136 1957 1194 2005 add.
1220 1971 1288 2006 saec.
1312 1952 1380 2007 ¹?lrs.
1404 1958 1435 2007 B.
1463 1984 1496 1992 -

317 2024 341 2084 1,
360 2021 376 2073 2
394 2040 466 2075 mera
483 2040 548 2075 voce
566 2026 601 2087 B3
621 2024 757 2090 spallendo
776 2025 806 2073 A.
828 2052 859 2060 —
880 2021 903 2086 2,
926 2023 938 2074 1
957 2025 1010 2074 und
1029 2021 1045 2074 2
1063 2025 1215 2090 umgestellt
1229 2026 1259 2074 B.
1278 2049 1311 2057 —
1329 2022 1354 2085 2,
1374 2022 1386 2074 1
1407 2025 1497 2085 Quam

316 2093 383 2143 fehlt
399 2094 429 2142 B.
447 2119 479 2127 -
498 2089 522 2154 3,
543 2091 556 2142 1
575 2094 721 2158 praesentis
739 2093 796 2142 dies
814 2095 869 2143 siut
886 2093 960 2142 velut
978 2095 1007 2143 B.
1026 2119 1060 2126 —
1078 2089 1102 2154 3,
1122 2091 1138 2143 2
1156 2095 1246 2144 venire
1264 2092 1330 2143 fehlt
1346 2093 1378 2143 d

383 2163 450 2211 Zum
467 2161 607 2212 Abschluss
630 2161 716 2212 dieser
734 2161 980 2225 Kirchweihtropen
1005 2163 1043 2211 sai
1065 2161 1197 2222 bernerio,
1220 2161 1278 2212 dass
1305 2164 1334 2211 in
1357 2161 1499 2212 mehrereu

316 2230 521 2280 Handschrilten
546 2230 688 2280 deutschen
706 2231 873 2293 Ursprnnges
896 2229 941 2279 des
971 2226 1023 2289 13.,
1050 2227 1089 2280 14.
1109 2230 1162 2278 und
1182 2227 1220 2280 15.
1239 2229 1431 2280 Jahrhunderts
1452 2231 1498 2280 die

318 2300 383 2349 ursei
401 2303 488 2348 ersten
507 2298 637 2363 Stropheu
657 2299 703 2347 der
721 2297 987 2363 Kirchweihsequeuz
1006 2314 1058 2347 von
1077 2298 1161 2348 Adam
1179 2315 1205 2348 v,
1218 2299 1257 2349 St.
1269 2299 1362 2348 Victor
1375 2297 1498 2363 „Ecco‚

317 2367 387 2416 dies
405 2364 644 2431 triumphalis“
664 2382 722 2416 uum
741 2368 961 2430 lutroitustropus
979 2367 1128 2417 verwendet
1145 2366 1260 2416 worden.
1294 2366 1407 2416 Auidio
1424 2373 1499 2417 erste

317 2435 498 2500 Halbstrophe
515 2436 582 2500 folgt
595 2435 748 2500 „Terribilis
762 2430 828 2495 est“‚
847 2436 895 2484 auf
903 2435 947 2484 die
958 2435 1156 2500 Gegenstrophe
1168 2434 1215 2485 der
1226 2435 1377 2485 Psalmvers
1393 2436 1501 2501 „Quam

317 2501 446 2562 dilecta“‚
469 2504 516 2553 auf
537 2503 579 2553 die
604 2505 695 2553 aweite
713 2503 894 2568 Halbstrophe
914 2503 1021 2568 „Gloria
1039 2501 1138 2568 patri“‚
1158 2504 1206 2554 auf
1220 2503 1262 2554 die
1281 2505 1373 2553 cweite
1391 2503 1499 2569 Gegan-
1605 2563 1606 2572 ἵ

317 2569 425 2636 strophe
445 2571 488 2622 die
505 2573 656 2636 Repetition
676 2572 829 2636 „Terribilis
847 2567 912 2621 est“.
948 2631 951 2638 .

766 3181 819 3248 Π.
853 3183 904 3248 De
927 3183 1048 3249 Beata.

627 3349 688 3406 154.
716 3351 750 3404 ln
769 3351 939 3406 Nativitstc
958 3353 1074 3408 Beatae
1093 3355 1133 3409 Μ.
1153 3355 1188 3410 V.

704 3527 732 3587 1.
757 3526 917 3602 Splendope
939 3528 1070 3585 sollemni

797 3612 898 3669 rutilat
921 3611 990 3687 dies,

756 3713 812 3768 qua
835 3697 915 3770 virgo
937 3698 1031 3756 Maria

758 3780 872 3838 refulsit
894 3799 929 3839 ex
951 3783 1042 3855 stirpe

797 3872 862 3924 orta
887 3867 1021 3944 Davidis;

527 3945 668 4000 Gloriosoe
688 3947 803 4015 cispiaco
821 3946 931 4001 Mariae
948 3950 1114 4004 nativitatem
1131 3949 1289 4004 hodiernam

424 4021 456 4079 2.
480 4020 594 4079 Claram
616 4027 645 4077 et
666 4021 846 4092 perspicuam
870 4038 919 4079 seu
943 4024 1052 4081 cunctis
1076 4023 1162 4096 digne
1175 4022 1333 4082 ¹colendam

529 4098 696 4152 devotissime
714 4100 872 4154 celebremus

426 4175 456 4233 3.
480 4172 575 4232 Corde
597 4179 689 4242 tenus,
714 4181 807 4232 mente
830 4180 859 4231 et
881 4175 994 4247 spiritu,
1020 4192 1081 4233 cum
1105 4176 1237 4235 omnibus
1260 4177 1343 4253 rotie,

529 4253 609 4305 ocios
627 4253 682 4305 cito
700 4254 803 4318 inclita,

428 4328 457 4386 4.
483 4325 607 4383 Nostrae
630 4326 777 4383 dissimilis
800 4343 889 4385 necne
912 4334 941 4386 et
962 4329 1095 4401 superior
1116 4329 1212 4404 astris,

528 4411 639 4459 cunctos
656 4405 777 4459 illustrat

427 4482 460 4540 5.
484 4478 712 4610 Circulmqnaque
734 4481 788 4538 Dei
812 4499 864 4554 per
887 4482 984 4541 orbem
1008 4483 1145 4557 sanguine
1168 4488 1295 4557 comptas

527 4573 569 4612 eCC
579 4575 659 4612 estas.
