3409 5384
695 472 928 536 -265-

625 689 688 747 tue.
715 691 750 745 In
768 689 856 746 unlus
875 690 1021 758 Vlrglnlu

751 850 780 910 1.
803 851 914 911 Psallal

232 974 290 1032 2a.
322 969 420 1028 Turba
443 970 546 1028 devota
570 969 686 1028 Christo
851 969 908 1030 ab.
938 971 1016 1042 Quae
1037 970 1096 1028 suis
1117 968 1285 1042 sequacibus

321 1056 411 1114 melos
433 1061 519 1128 atque
541 1061 627 1114 canat
650 1050 734 1113 dulce
936 1056 1055 1113 salutem
1080 1061 1274 1129 competenter
1296 1054 1326 1112 in

321 1140 439 1214 virginis
935 1141 1056 1198 excelsis

321 1231 452 1284 saeratae
474 1224 625 1283 celebrans
936 1225 1078 1284 condonat
1102 1231 1250 1284 aeternam

323 1309 450 1369 officium
473 1310 577 1370 natalis
936 1312 1160 1384 angelorumque
1185 1310 1285 1384 dignos

322 1396 434 1466 summi,
457 1412 513 1468 quo
535 1395 692 1468 processit3
936 1394 1006 1454 iacit
1031 1397 1187 1471 consortio,

322 1482 407 1540 simul
431 1482 510 1540 dicat
934 1481 984 1539 ubl
1006 1481 1120 1553 plaudit

323 1568 411 1626 corde
432 1566 526 1626 fideli:
935 1572 1020 1639 atque
1042 1567 1164 1624 resultat

365 1651 399 1721 0,
423 1650 656 1725 quampulchre
679 1655 727 1727 est,
978 1655 1059 1710 casta
1079 1651 1238 1726 peuerutio.

539 1773 569 1830 3.
593 1769 743 1842 Virginem
766 1774 898 1826 coruscat
918 1769 1021 1826 chorus

594 1860 661 1911 ante
684 1854 776 1912 Deum
798 1869 913 1926 semper
936 1855 1052 1915 vocibus

595 1939 716 2017 decoris,

597 2040 705 2097 nosque
728 2040 859 2097 rogemus

594 2110 782 2183 incessanter,
805 2116 836 2166 ut
859 2128 912 2184 pro
935 2111 1042 2168 nostris

595 2195 757 2253 intercedat

595 2280 695 2338 sedule
719 2281 831 2338 delictis

637 2382 703 2424 cum
727 2365 871 2424 claritate.

307 2537 388 2600 Trop.
412 2551 460 2584 ms.
478 2535 679 2585 Nonantulense
703 2549 772 2584 saec.
792 2532 833 2582 11.
860 2536 895 2582 in.
936 2533 999 2583 Cod.
1019 2535 1129 2583 Roman.
1152 2534 1217 2582 Vitt.
1236 2531 1329 2581 Eman.
1350 2529 1416 2583 1343

230 2603 345 2667 (Sessor.
364 2600 414 2664 62).
434 2603 464 2652 Α.
484 2633 517 2640 -
536 2605 614 2667 Trop.
640 2618 687 2652 ms.
706 2602 907 2652 Nonantulense
925 2617 993 2650 saec.
1016 2597 1056 2649 11.
1093 2601 1156 2652 Cod.
1175 2602 1321 2650 Bononien.
1340 2597 1415 2651 2824.

231 2675 266 2723 Β.
291 2697 327 2707 -
352 2673 432 2737 Trop.
459 2688 507 2721 ms.
534 2671 735 2722 Nonantulense
762 2685 828 2720 suec.
859 2667 898 2719 11.
940 2667 1002 2720 Cod.
1030 2671 1140 2720 Roman.
1166 2671 1323 2720 Oasenaten.
1350 2665 1414 2718 1741

230 2740 265 2802 (C
283 2742 322 2791 IV
340 2737 375 2799 2).
395 2740 424 2790 C.
442 2766 476 2774 -
492 2740 571 2804 Trop.
591 2755 638 2787 ms.
657 2752 678 2788 s.
697 2739 834 2788 Benedicti
851 2740 992 2788 Mantuani
1013 2754 1080 2788 saec.
1102 2736 1141 2788 11.
1177 2739 1240 2789 Cod.
1260 2739 1347 2802 Capit.
1365 2739 1415 2787 Ve-

233 2824 327 2859 ronen.
346 2810 420 2860 CVII
437 2805 607 2871 (10011).-
625 2804 677 2866 2n,
695 2804 713 2856 4
730 2803 1012 2868 aeternamm-212,
1034 2805 1145 2869 lQuem
1159 2802 1298 2866 11.-21),
1317 2803 1333 2856 6
1352 2822 1415 2855 con-

232 2880 320 2927 sortia
332 2879 388 2927 BD.
409 2903 440 2912 —
454 2902 488 2912 ·-
500 2873 547 2935 21),
567 2874 582 2925 7
601 2874 711 2940 plaudat
727 2876 804 2935 ABG,
823 2875 951 2939 plaudent
968 2877 1000 2925 D.
1020 2901 1053 2910 -
1072 2873 1095 2938 3,
1115 2874 1131 2925 5
1150 2878 1319 2925 incensanter
1337 2877 1366 2924 B.
1381 2899 1415 2908 —

231 2947 307 2996 Titel
325 2949 354 2996 in
367 2947 403 2995 A:
423 2946 522 3010 „Prona
539 2945 571 2994 de
588 2944 706 2993 Alleluia
723 2945 746 2994 Ο
765 2959 861 3008 quam
882 2939 1054 3009 pulchrn.“

575 3179 637 3234 507.
665 3179 700 3234 ln
718 3179 893 3234 sanctarum
912 3178 1080 3246 Vlrglnum.

540 3341 568 3398 1.
590 3337 664 3410 Quia
687 3337 851 3409 concupiuit

598 3423 699 3480 Vultus
720 3438 772 3480 rea
795 3423 922 3481 decorem

638 3507 806 3580 virgineum

638 3593 678 3650 Et
699 3608 822 3666 roseum,

540 3682 568 3738 5.
592 3678 695 3736 Servos
718 3693 780 3734 eum
804 3676 912 3738 florem.

595 3764 655 3823 Vas
679 3769 764 3820 exuet

638 3848 680 3905 Te
701 3848 808 3905 luteum

595 3934 635 3991 Et
657 3933 758 3990 induet

639 4019 814 4076 Aethereum

518 4104 567 4163 10.
592 4105 633 4161 Te
656 4104 848 4176 splendorem,

596 4189 669 4262 Quia
691 4189 857 4262 concupivit
877 4204 928 4246 ree
951 4183 1118 4266 [decorent

300 4363 425 4414 Cantium.
445 4374 493 4408 ms.
511 4358 583 4407 Petri
601 4358 634 4408 de
652 4358 765 4408 Medicis
781 4356 933 4421 (Gallicum)
951 4373 1019 4406 saec.
1040 4352 1079 4405 13.
1107 4357 1170 4406 Cod.
1189 4356 1358 4406 Laurentium.
1377 4353 1418 4402 Pl.

228 4431 274 4484 29,
296 4432 317 4483 1.
336 4457 373 4466 -
399 4426 416 4478 2
434 4427 553 4476 Vultum.
570 4453 604 4463 —-
621 4428 702 4478 Wohl
721 4428 807 4476 sicher
824 4427 928 4491 Tropus
947 4442 1006 4474 zum
1025 4424 1171 4475 Graduale:
1197 4423 1420 4488 „concupivit

225 4519 287 4553 rex
305 4502 463 4551 decorem
484 4499 586 4555 tuum,
605 4498 763 4559 quoniam
781 4498 852 4558 ipse
871 4500 921 4544 est
939 4495 1099 4544 Dominus
1119 4494 1205 4542 Deus
1224 4485 1320 4542 tuus.“
