3409 5384
678 519 907 582 -235-

277 691 375 740 Direct.
402 705 450 739 ms.
478 691 552 740 chori
577 690 743 740 Secoviensis
770 691 833 738 anni
860 686 934 740 1345.
977 693 1040 743 God.
1060 693 1186 744 Graecen.
1210 691 1268 744 756.
1286 694 1317 744 A.
1350 723 1383 731 -

208 758 284 809 Grad.
309 775 356 808 ms.
377 759 556 809 Altovadense
579 761 643 808 anni
664 755 737 808 1410.
774 757 836 807 Cod.
855 759 1011 810 Altovaden.
1028 757 1071 810 42.
1091 763 1121 811 Β.
1139 788 1173 794 -
1190 762 1264 812 Miss.
1289 779 1336 813 ms.
1356 763 1382 813 S.

208 828 297 877 Crucis
316 843 382 877 saec
404 824 442 876 15.
480 828 544 877 (lod.
563 827 590 878 S.
609 827 701 878 Crucis
721 823 778 876 157.
797 826 825 877 C.
838 853 873 859 —
886 826 931 888 la,
950 824 966 876 2
984 844 1076 894 regens
1097 834 1123 880 et
1140 845 1232 881 creans
1245 833 1278 895 03
1297 832 1384 882 dieser

206 896 269 945 Vers
288 895 336 944 hat
352 896 389 944 im
400 895 541 962 Verglsich
559 911 618 945 zum
631 895 825 945 Parallelverse
843 895 911 945 auch
929 897 958 945 in
975 897 1022 947 der
1033 898 1148 948 Melodie
1166 895 1182 948 3
1195 900 1287 950 Silhen
1299 890 1383 950 llber-

207 963 299 1013 sehuss.
320 989 353 997 -
372 962 418 1026 lb,
436 961 453 1012 2
470 970 530 1014 tuos
548 961 590 1027 (st.
609 962 679 1028 pius)
690 965 720 1013 B.
735 989 768 999 -
781 960 821 1012 2a
838 963 914 1013 salva
933 965 960 1015 O.
973 991 1007 1000 —-
1019 967 1122 1032 Tropus
1139 968 1204 1018 iiber
1222 969 1272 1019 den
1284 970 1383 1020 Versus

204 1033 401 1082 Alleluiaticus:
438 1033 525 1095 „Vox
554 1033 805 1082 exsultationis
835 1036 869 1081 et
897 1033 1025 1084 salutis
1056 1036 1091 1085 in
1122 1033 1382 1086 taberna-culis

203 1100 393 1152 iustorum“.
428 1101 489 1150 Von
511 1101 610 1150 diesem
634 1101 716 1150 Texte
739 1101 810 1151 steht
833 1116 882 1150 vor
900 1101 950 1152 Str.
972 1101 1024 1151 la:
1049 1104 1124 1168 „Vox
1147 1105 1332 1156 exsultationis
1357 1111 1384 1156 et

204 1165 322 1231 salutis“‚
339 1184 388 1218 vor
399 1167 450 1218 Str.
471 1165 521 1219 lb:
541 1172 585 1230 „in
607 1165 764 1231 taberna-“3
783 1169 854 1218 daun
872 1170 940 1219 nach
954 1170 1029 1233 jeder
1041 1171 1236 1239 Halbstrophe:
1257 1170 1316 1239 „a“,
1329 1173 1383 1223 und

203 1238 267 1287 nach
291 1237 344 1288 Str.
366 1234 396 1286 4:
427 1238 521 1301 „culis
547 1232 702 1286 iustorum“.
726 1265 760 1272 -
785 1237 959 1287 Weseutlichr
975 1239 1031 1290 also
1059 1242 1095 1289 ist
1117 1241 1164 1291 der
1187 1242 1295 1293 Aufbau
1318 1244 1384 1292 iiber

204 1302 504 1368 „taberna-culis“.
516 1332 551 1339 —
562 1305 633 1356 Titel
644 1308 680 1355 -in
692 1307 729 1355 A:
750 1306 865 1366 „Versus
879 1322 957 1370 super
969 1307 1085 1358 Alleluia
1097 1310 1156 1359 Vox
1170 1307 1382 1374 exsultationis“,

203 1376 230 1422 in
246 1375 280 1424 B:
301 1375 349 1438 „ln
366 1374 532 1424 dedicatione
550 1374 679 1424 ecclesiae
691 1375 725 1424 ad
736 1375 857 1424 Missam.
884 1375 1001 1425 Alleluia
1014 1379 1133 1441 sequitur
1145 1393 1205 1428 cum
1218 1375 1336 1444 tropho“.
1350 1406 1383 1415 -

205 1441 260 1507 Vgl.
277 1443 323 1493 Νι.
341 1439 402 1503 490,
420 1459 460 1492 wo
478 1442 525 1493 der
542 1442 645 1508 gleiche
662 1444 762 1493 Versus
781 1442 821 1492 als
839 1443 872 1492 de
890 1443 1029 1494 Communi
1047 1445 1194 1510 Martyrum
1212 1447 1293 1497 dient.

619 1625 682 1681 lib.
710 1625 767 1681 lile
785 1625 957 1683 Dominicu.

548 1754 576 1814 1.
600 1751 700 1809 Laude
723 1767 847 1824 voceque

602 1852 673 1894 cauo
695 1844 734 1909 te,

601 1939 662 1993 rex,
687 1922 737 1994 qui
759 1923 864 1980 creasti
888 1927 999 1998 aunem,

601 2007 704 2081 maria,
727 2008 825 2080 solem,
848 2012 937 2081 astra,

602 2093 696 2167 ignem
718 2099 748 2150 et
769 2109 882 2167 aquam,

602 2179 703 2246 lucem,
727 2178 878 2250 tenebras3

603 2280 655 2336 per
677 2279 760 2336 quem
784 2270 851 2321 sunt
873 2268 975 2321 cuncta

603 2355 709 2422 creata,

603 2432 743 2495 Alleluia.

216 2526 242 2585 2.
263 2521 357 2594 Eripe
831 2523 860 2578 5.
884 2519 924 2576 El
946 2525 1069 2596 aeterne,

264 2608 345 2664 inte
368 2605 504 2664 fidentem
884 2601 977 2663 factor
999 2605 1127 2677 caelique
1150 2610 1254 2680 terrae,

265 2693 437 2750 clamantem
884 2689 979 2766 maris,
1004 2690 1138 2763 omnium,
1160 2697 1247 2764 atque

265 2785 352 2850 atque
374 2777 442 2835 iuva
462 2792 508 2834 me
830 2777 859 2834 6.
883 2774 930 2832 Ab
953 2775 1169 2848 instruentibus
1191 2778 1224 2834 iu
1246 2793 1292 2834 me

216 2866 243 2922 3.
265 2864 314 2920 De
335 2861 467 2920 inimicis
885 2860 989 2919 callide

265 2948 338 3008 meu
360 2946 507 3020 pessimis;
833 2947 861 3004 7.
884 2945 1006 3021 Libero,
1029 2945 1142 3020 adiuva,

217 3037 243 3095 4.
265 3033 359 3105 Deus,
383 3048 474 3106 murs,
498 3033 599 3104 quies
622 3033 695 3111 pius,
885 3029 1017 3104 defende,
1042 3047 1179 3090 conserva

266 3120 338 3176 meis
361 3133 437 3175 nunc
459 3117 531 3175 assis
553 3118 696 3189 precibus,
831 3117 859 3174 8.
884 3117 944 3192 Me,
968 3123 1000 3172 ut
1022 3116 1059 3174 ad
1081 3123 1111 3174 te

267 3214 295 3262 et
316 3202 515 3261 tribulantium
540 3202 604 3261 dira
626 3204 723 3281 caede,
884 3202 995 3259 siucero
1018 3202 1106 3258 corde

266 3306 352 3362 quam
375 3289 404 3345 in
427 3303 472 3345 me
493 3289 555 3344 sine
576 3287 633 3346 fine
885 3295 914 3344 et
936 3303 1008 3358 pura
1030 3296 1125 3343 mente

267 3379 421 3432 excercent
443 3373 570 3449 cottidie,
884 3373 991 3444 possim
1013 3371 1111 3428 venire

266 3459 346 3518 Deus
369 3459 453 3531 alme,
885 3462 922 3527 te,
946 3456 1033 3534 Deus,
1056 3457 1211 3520 tribuente.

273 3595 384 3646 collect.
402 3611 450 3646 ms.
467 3592 674 3658 Floriacense(?)
691 3609 759 3645 saec.
780 3591 820 3644 ll.
850 3593 914 3644 Ood.
932 3594 1060 3644 Oxonien.
1074 3595 1149 3644 Bodl.
1170 3591 1211 3646 38.
1231 3620 1263 3628 -
1284 3590 1306 3656 1,
1324 3593 1342 3645 4
1359 3602 1386 3647 et

209 3668 283 3712 astra.
301 3689 337 3698 -
354 3661 380 3724 4,
405 3660 418 3712 1
438 3663 506 3714 alme
522 3662 563 3724 (st.
583 3679 669 3714 mens:
696 3663 742 3712 cfr.
760 3660 784 3724 4,
804 3660 836 3722 6).
856 3690 889 3698 -
907 3659 932 3724 8,
950 3659 966 3712 5
985 3662 1019 3711 ad
1035 3669 1069 3712 te.
1141 3665 1297 3727 Reimprosa
1316 3665 1384 3715 ohne

209 3731 370 3794 Symmetrie.
407 3731 458 3781 Gir.
481 3732 524 3782 die
541 3731 713 3796 Anmerkung
736 3748 768 3781 zu
788 3726 986 3795 „Allo-voce
1005 3727 1111 3780 celsa“
1130 3733 1184 3790 (Nr.
1202 3729 1270 3794 494).
1284 3758 1318 3768 -
1330 3734 1386 3784 Der

208 3799 359 3865 liturgische
376 3801 444 3851 Text
470 3801 506 3849 ist
523 3805 600 3851 unter
617 3800 756 3865 Wahrung
772 3799 818 3849 des
836 3800 926 3849 Reims
944 3801 972 3848 in
990 3799 1032 3848 die
1050 3800 1218 3866 Tropierung
1235 3801 1383 3852 verwobeu.

628 3983 690 4040 456.
718 3983 775 4039 llie
792 3983 980 4039 bominibus

249 4109 264 4167 1
288 4109 378 4185 DeuS,
402 4109 525 4168 omnium
906 4109 966 4165 Tuo
988 4106 1095 4166 uomiui

288 4194 390 4253 Turba
411 4195 535 4268 gentium
950 4192 1027 4251 Gens
1049 4192 1244 4270 improperat3

289 4278 542 4338 circumstantium
843 4281 882 4340 10
950 4277 980 4336 Si
1002 4271 1099 4358 hi[u]e
1121 4277 1234 4338 auferat

289 4362 491 4423 Sanctuarium
540 4358 557 4397 Ι
906 4363 1008 4423 Gentis
1031 4365 1150 4435 scelera,

250 4450 267 4508 5
331 4449 424 4507 Tuum
447 4451 551 4524 polluit
906 4449 967 4507 Tua
991 4448 1110 4506 dextera
1194 4511 1195 4518 ¹

330 4535 392 4592 Neo
415 4535 563 4594 exhorruit
947 4531 1061 4592 Arcum
1083 4537 1219 4606 ructuat,

289 4619 402 4678 Nomen
423 4621 549 4681 Domini.
949 4620 1038 4692 Quem
1060 4619 1232 4678 tetenderat.
1249 4659 1251 4665 .
