3409 5384
776 568 813 579 -
860 535 1006 598 374-

506 705 645 780 Spiritum
667 713 760 765 sumet
781 705 890 765 bestiae
911 706 1015 782 imago,

506 792 653 865 Loquetur
674 792 764 851 verba
785 791 923 851 inaudita.

590 880 628 948 R.
654 885 729 961 Heu,
752 886 859 957 miseri,

654 972 729 1046 Heu,
752 970 866 1029 miseri!

654 1056 739 1134 quid,
763 1055 858 1130 homo,
878 1056 1007 1127 ineptam

654 1141 787 1215 Sequeris
809 1139 972 1199 laetitiam?

432 1277 483 1339 17.
506 1271 635 1351 Rumpet
656 1276 791 1352 abyssum
815 1276 900 1335 stella
923 1277 959 1335 de
982 1277 1060 1334 caelo

505 1362 626 1422 Monens
650 1361 788 1436 reprobos
811 1362 929 1435 praevio
953 1362 1050 1435 signo:

504 1446 666 1520 Erumpent
687 1448 814 1506 locustae
838 1441 856 1479 *
879 1448 1018 1506 haetenus
1043 1462 1186 1519 nunquam
1209 1447 1298 1521 visae,

591 1532 705 1591 Similes
727 1533 807 1606 equis

589 1617 672 1676 Bello
695 1618 814 1692 paratis,

591 1702 712 1762 Galeato
735 1704 851 1778 vertice,

590 1788 724 1847 larinate
748 1803 878 1862 corpore,

505 1872 612 1933 caudis
634 1879 665 1931 ut
688 1874 818 1949 scorpius
840 1871 998 1948 aculeatae,

504 1958 607 2019 Facies
629 1958 689 2017 illis
711 1958 861 2021 humanae.

591 2048 630 2115 R.
657 2055 731 2127 Heu,
755 2052 864 2125 miseri,

653 2136 728 2212 Heu,
752 2137 866 2195 miseri!

653 2223 738 2296 Quid,
763 2223 858 2295 homo,
876 2222 1003 2299 ineptam

655 2307 789 2380 Sequeris
811 2305 973 2386 laetitiam?

431 2448 481 2510 18.
506 2440 623 2507 Stridon
644 2444 754 2503 alarum
776 2450 808 2501 ut
830 2459 916 2502 sonus
937 2459 1084 2516 aquarum,
1193 2484 1199 2495 .

505 2530 614 2589 Dentes
637 2545 734 2588 earum
758 2530 859 2587 dentes
869 2529 1011 2605 z‘leunum3

506 2614 650 2674 Volabant
674 2616 791 2693 celeres,
811 2607 835 2679 ,*
859 2614 972 2687 rugient
993 2620 1025 2671 ut
1049 2614 1218 2687 quadrigae.

589 2701 731 2774 Angelum
754 2715 822 2772 ergo
879 2760 881 2764 ,

590 2785 701 2843 Ferunt
723 2784 831 2860 abyssi,

590 2872 680 2943 Quem
702 2870 852 2929 Hebraeus
874 2869 1028 2946 Abaddm,

592 2955 720 3015 Graecus
741 2955 897 3029 Apollyon,

505 3040 752 3101 thernrinantem
776 3040 846 3097 dicit
868 3040 1006 3099 Latinus:

506 3127 691 3186 Tormentum
714 3125 797 3186 malis
820 3121 966 3183 mensibus
988 3125 1091 3198 quinis.
1190 3123 1192 3127 ’

591 3206 628 3273 R.
655 3213 728 3289 Heu,
752 3210 861 3289 miseri,

655 3297 728 3372 Heu,
752 3296 866 3354 miseri!

656 3382 740 3457 Quid,
765 3382 859 3452 homo,
882 3381 1008 3453 ineptam

655 3466 788 3540 Sequeris
811 3464 974 3524 laetitiam?

432 3604 482 3666 19.
506 3596 616 3664 Truces
638 3618 691 3676 per
713 3602 849 3661 mundum
872 3602 981 3674 equites
1004 3608 1133 3675 currunt,

506 3688 633 3747 Tertiam
657 3693 768 3761 partem
790 3686 936 3745 huminum
959 3686 1103 3759 occidunt,

507 3773 602 3831 Vieies
624 3773 717 3830 milies
741 3766 758 3803 '¹‘
781 3772 861 3831 milia
885 3779 968 3830 erunt
990 3772 1073 3832 dena.

592 3858 672 3918 Sient
694 3859 806 3916 leonum

590 3944 694 4016 Capita
714 3959 829 4020 eurum3

592 4028 708 4087 Caudae
731 4044 827 4086 eorum

591 4113 694 4187 Capita
715 4113 899 4185 serpentium.

504 4197 584 4273 Ignis
607 4204 636 4256 et
657 4199 787 4273 sulphur,
810 4196 932 4271 pestifer
954 4195 1048 4256 fumus

505 4284 625 4345 Prodiet
647 4299 697 4343 ore
720 4284 858 4355 ipsorum.

590 4364 627 4431 R.
654 4369 729 4437 Heu,
752 4368 861 4444 miseri,

655 4457 728 4531 Heu,
752 4453 866 4511 miserit

656 4540 740 4613 Quid,
764 4539 857 4617 homo,
881 4539 1008 4611 ineptam

658 4625 791 4697 Sequeris
814 4623 975 4683 laetitiam?
