3409 5384
696 478 843 541 -325
890 513 928 521 -

224 640 271 693 2a.
296 645 376 710 Virgo
394 626 534 711 virgiaum‚
839 645 888 699 2b.
911 649 958 699 Uti
976 647 1010 696 da
1026 646 1135 709 (Adata!
1156 643 1214 707 Hs.)
1233 644 1310 693 nobis

294 716 363 777 regis
381 712 444 774 filia,
908 731 925 765 a
942 721 968 765 te
986 715 1089 780 sophia.

223 810 262 863 3³
287 816 341 865 und
358 812 396 865 3b
418 818 569 882 umgestellt
585 820 616 868 B.
634 844 668 852 —
685 808 863 869 Ubersehrist:
884 817 1022 883 „Trephus
1041 832 1120 881 super
1136 812 1300 866 Recordare
1320 814 1350 865 B.
1370 837 1403 849 -

222 882 253 931 In
266 883 290 932 A
308 884 370 949 geht
387 901 483 935 voraus
500 886 546 937 der
559 887 818 937 Offertorium·Text:
839 886 1003 952 „Recordare
1020 913 1053 921 —
1072 884 1282 948 indignationem
1301 876 1401 933 eua1n“.

507 1146 510 1151 ,
601 1102 663 1158 642.
691 1105 736 1159 Be
753 1104 854 1158 Beata
871 1102 971 1157 Maria
989 1103 1026 1159 V.

244 1238 282 1305 A.
307 1244 488 1323 Recordare,
518 1245 598 1318 vireo
627 1248 730 1316 mater,
761 1246 831 1304 dum
854 1242 1021 1303 constetere's
1042 1243 1076 1301 ia
1098 1244 1251 1316 conspecta
1272 1240 1341 1313 Dei,
1369 1243 1402 1300 at

307 1328 438 1401 loquaris
461 1348 518 1403 pre
543 1331 625 1390 nobis
648 1332 755 1389 bonum
778 1334 804 1387 et
825 1335 858 1389 aa
880 1334 994 1388 avertas
1015 1328 1250 1403 iadiyaatioaem
1272 1344 1357 1387 suam
1381 1343 1401 1385 a

305 1415 397 1493 nobie,

221 1534 273 1593 la.
307 1535 384 1605 Quos
406 1536 480 1592 iuste
503 1535 669 1609 damnarat3
839 1534 893 1594 lb.
924 1530 963 1612 [A
987 1529 1082 1613 nobis]
1108 1533 1234 1605 debitam

304 1635 426 1695 poenam
449 1626 561 1678 avertat
922 1619 1032 1677 orendo
1054 1635 1133 1677 suam

218 1739 272 1799 2a.
302 1738 535 1797 Misericordiam
837 1738 893 1797 ab.
921 1737 1058 1796 Cunetam
1082 1737 1174 1795 diluat

302 1824 397 1897 piam3
922 1823 1045 1895 eulpam,

217 1944 270 2001 3a.
304 1940 446 2001 Infundat
469 1949 497 1999 et
519 1945 605 2001 talem
835 1942 891 2003 ab.
919 1943 997 2013 Quae
1021 1957 1102 1999 suum
1126 1938 1252 1999 furorem

301 2029 434 2107 gratiam,
919 2032 1032 2086 avertat

677 2116 707 2172 4.
730 2110 854 2170 Mirifice

729 2216 748 2255 a
770 2195 863 2256 nobis.

283 2352 362 2400 Miss.
380 2350 521 2401 Lundense
540 2352 602 2415 imp.
615 2351 727 2400 Parisiis
748 2346 821 2398 1514.
840 2374 873 2382 -
892 2345 939 2408 2a,
960 2346 972 2397 l
992 2364 1030 2412 sq.
1043 2349 1120 2397 Piam
1138 2346 1352 2397 misericordiam.
1364 2370 1397 2381 ·-

214 2419 253 2467 Im
271 2419 385 2468 Missale
408 2421 445 2467 isa
464 2420 526 2483 jede
543 2420 626 2469 Vers-
645 2419 707 2468 oder
725 2417 995 2482 Strophenabteilung
1012 2416 1204 2467 unterblieben.
1240 2414 1399 2481 Angehangt

213 2488 247 2537 ist
265 2486 336 2537 noch
356 2489 399 2536 ein
416 2488 566 2553 disparater
583 2487 823 2551 Alleluia-Tropus.

585 2713 647 2769 643.
676 2715 711 2767 ln
730 2712 876 2782 corporis
900 2710 1028 2768 Christi.

215 2855 266 2913 la.
298 2850 376 2923 Ave,
400 2854 559 2927 virgineum
834 2852 889 2915 lb.
918 2852 1038 2925 Corpus,
1061 2851 1138 2924 quod
1160 2851 1269 2909 unitum

345 2955 448 3012 eorpus
471 2940 596 3016 Domini,
960 2952 1069 2995 summo
1091 2936 1208 3007 numini,

132 3070 142 3075 ’
216 3062 268 3119 2a.
301 3059 414 3132 corpus
437 3058 613 3135 mellifluum,
833 3057 890 3121 ab.
917 3056 972 3127 Qui
993 3071 1045 3113 nos
1068 3070 1099 3113 es
1122 3055 1255 3129 dignatus

345 3147 382 3203 da
405 3152 434 3203 te
458 3161 584 3221 noscere,
961 3142 998 3200 de
1019 3147 1049 3199 te
1070 3154 1199 3213 pascere.

213 3266 266 3326 3a.
298 3264 390 3323 Tuam
414 3264 595 3323 dulcedinem
830 3260 885 3321 ab.
911 3262 973 3333 Qua
995 3266 1098 3337 mente,
1123 3273 1243 3331 corpore

341 3349 425 3407 nobis
447 3348 578 3421 infunde,
957 3345 1086 3404 vivamus
1107 3344 1221 3404 munde,

600 3469 630 3527 4.
654 3466 727 3525 Caro
750 3465 881 3538 benigna,

658 3552 696 3609 da
717 3551 822 3625 gaudia
843 3549 936 3607 nobis.

278 3704 361 3755 Grad.
387 3720 436 3753 ms.
454 3705 632 3754 Admontease
650 3719 719 3751 saec.
739 3699 779 3753 15.
814 3701 878 3752 Coe
896 3700 1053 3750 admonten.
1070 3695 1130 3749 305.
1148 3698 1179 3747 Α.
1197 3723 1231 3732 -
1247 3697 1327 3749 (irad.
1346 3712 1394 3747 ma

210 3771 369 3822 Brixinense
394 3787 463 3822 saec.
487 3770 528 3821 15.
563 3772 628 3823 Cod.
648 3773 745 3822 Samia
764 3771 901 3819 Brixinea
927 3784 948 3817 a
972 3785 998 3817 n.
1017 3769 1047 3815 B.
1064 3794 1099 3803 -
1119 3764 1171 3824 lb,
1197 3764 1210 3815 1
1234 3765 1306 3830 qamd
1329 3764 1395 3817 fehlt

210 3840 239 3888 B.
257 3866 293 3874 —
313 3837 362 3899 2b,
384 3837 396 3889 l
419 3841 490 3905 quod
507 3857 556 3890 noe
574 3839 690 3903 digneris
709 3840 738 3887 B.
757 3863 791 3872 -
807 3834 856 3895 3b,
876 3833 889 3885 l
908 3837 968 3898 Quo
985 3841 1073 3885 mente
1090 3840 1117 3885 et
1128 3835 1159 3884 Β,
1176 3859 1211 3869 -
1228 3831 1276 3893 ab,
1294 3830 1312 3883 2
1329 3848 1394 3899 pure

208 3904 249 3968 (ste
267 3908 378 4026 munffl
394 3910 425 3957 B.
443 3935 477 3943 -
494 3906 614 3959 avanti
632 3903 742 3971 iubent!
758 3905 907 3955 sacerdotes
925 3906 983 3955 eius
1001 3906 1036 3965 B;
1054 3904 1109 3967 vgl.
1121 3900 1392 3967 Sehlusebemerkung

209 3992 242 4024 zu
260 3979 307 4027 Nr.
379 4012 387 4024 .

583 4133 648 4189 641.
675 4133 708 4187 ln
727 4129 874 4201 Cameria
893 4128 1021 4185 carati.

211 4277 262 4337 la.
294 4276 503 4345 paenitentiae,
831 4269 887 4334 lb.
913 4270 992 4340 Quae
1013 4278 1198 4343 peecatorum

295 4363 430 4439 clemens,
453 4377 582 4433 munera,
913 4361 1016 4412 aenam
1040 4356 1169 4433 vulnera,

210 4484 262 4541 2a.
294 4483 336 4539 Et
357 4480 493 4539 vitiorum
828 4469 886 4531 aa,
913 4470 971 4543 sic,
994 4478 1025 4529 ut
1047 4470 1077 4530 ia
1098 4473 1181 4533 nebia

295 4566 368 4625 tolle
388 4582 478 4626 onera
915 4562 1027 4613 meent
1048 4558 1169 4630 seelera,
