3409 5384
596 832 659 888 502.
692 831 726 886 ln
744 831 834 887 unlus
854 829 1060 888 confessoris.

268 1026 300 1085 1.
324 1025 429 1098 Homo,
453 1024 554 1084 muudi
576 1025 675 1098 palens
890 1027 918 1084 2.
942 1025 1021 1097 Quue
1043 1021 1173 1082 facturus
1196 1021 1298 1081 subeas

367 1110 408 1168 Et
430 1125 520 1183 opere
986 1109 1140 1182 Delibem3

324 1195 407 1267 Quod
429 1195 521 1255 uitare
544 1194 659 1272 debeas,
944 1194 1076 1254 Frondes
1099 1195 1142 1252 sio
1164 1194 1296 1267 vipereus

368 1281 543 1360 Considero3
985 1279 1021 1339 Vi
1044 1295 1156 1358 supera,

659 1419 689 1479 3.
712 1416 746 1474 ln
769 1417 816 1474 via
838 1431 875 1473 ne
897 1431 999 1488 pereas

765 1528 823 1586 Per
845 1523 943 1604 (hoec)
967 1541 1116 1599 prospero.

269 1668 303 1726 4.
327 1664 446 1724 Steriles
468 1662 615 1738 ficulneas,
892 1666 922 1724 5.
945 1663 1067 1736 Lignum
1089 1663 1165 1721 vitae
1187 1677 1316 1737 sequere,

327 1749 374 1808 Ne
397 1766 460 1808 oum
484 1749 525 1807 eis
547 1750 660 1819 ardeas,
944 1750 985 1810 Ut
1008 1747 1134 1820 gaudeas
1158 1748 1194 1806 de
1215 1762 1332 1807 munere

372 1835 431 1893 Iam
455 1835 564 1897 desere.
985 1833 1124 1893 Perennis
1147 1831 1273 1905 fruetus,

646 1973 675 2030 6.
700 1970 772 2043 Spes
795 1969 873 2028 vitae
894 1969 1015 2040 florebit.

310 2175 425 2234 Flauius,
445 2173 491 2222 Νι.
509 2174 590 2223 LXV.
609 2199 644 2206 -
660 2173 736 2223 Nuoh
755 2170 786 2234 5,
806 2169 818 2221 1
839 2172 906 2239 lolgt
926 2174 969 2224 bei
987 2173 1095 2223 Flauius
1113 2168 1143 2232 5,
1161 2169 1178 2222 3
1195 2173 1249 2223 und
1267 2171 1290 2235 6,
1308 2173 1422 2224 ulsdann

238 2240 270 2304 5,
297 2239 373 2292 2.-
391 2241 555 2292 Vermutlieh
579 2243 683 2306 Tropus
707 2241 784 2291 uber:
809 2242 945 2306 „Iustus
969 2242 1175 2306 germinabit
1199 2244 1290 2292 sieut
1307 2243 1421 2293 lilium

234 2307 447 2444 ggrlelcgffibgit
465 2311 499 2358 iu
517 2312 692 2359 aeternum
708 2305 783 2359 ete.“
808 2338 837 2346 -
857 2311 908 2360 Die
925 2309 1087 2376 Gliederuug
1104 2311 1132 2358 in
1152 2310 1284 2376 Strophen
1300 2313 1336 2362 ist
1352 2310 1422 2362 wohl

598 2647 660 2703 503.
688 2648 724 2702 In
742 2646 831 2704 nnius
850 2647 1055 2704 Gonlessorls.

640 2859 656 2917 1
682 2843 722 2915 Et
744 2857 841 2918 enolto
863 2859 893 2916 oi
915 2875 1019 2930 mogun

327 2994 386 3055 Cor
407 2994 564 3070 humilium,
943 2995 1035 3054 Israel
1058 2994 1088 3052 in
1111 2994 1208 3053 littore

326 3080 367 3138 Et
390 3079 553 3138 sublimium
986 3081 1063 3138 Tuos
1086 3085 1213 3156 statuas,

328 3165 418 3224 Verte
441 3165 559 3244 solium;
986 3165 1031 3223 No
1055 3165 1193 3224 destitues

281 3248 522 3312 5Adiotorium
880 3253 921 3311 20
946 3249 1004 3309 Sub
1028 3250 1188 3324 Pharaone,

371 3336 463 3393 Tuum
471 3339 805 3411 pooesooerpotentem.
945 3336 1044 3394 Merso
1066 3335 1211 3408 praedone

326 3420 805 3498 Fidemoaritstemspempraebe,
989 3422 1090 3494 Iugum
1113 3436 1210 3494 exuas,

326 3505 440 3565 Efferus
463 3505 581 3565 electum
604 3507 638 3565 de
659 3506 748 3584 plebe,
987 3505 1146 3564 Libertatis
1168 3505 1264 3578 pande
1285 3504 1395 3582 tonnus,

371 3592 499 3650 Mentem
945 3591 1079 3663 Suppone

258 3679 303 3739 10
328 3676 469 3735 Conterus
492 3682 658 3737 tumentem.
882 3679 921 3737 25
945 3676 1073 3749 Manum,
1096 3676 1126 3734 in
1149 3690 1239 3748 agone

327 3761 412 3820 Tolle
434 3778 486 3819 nos
510 3762 546 3819 de
568 3768 705 3834 stercore,
988 3762 1117 3820 Palmum
1139 3759 1266 3834 tribuns3

327 3846 482 3908 Consulem
505 3845 553 3905 iao
575 3847 611 3906 de
634 3848 758 3908 rhetore.
945 3846 1066 3922 Mundo,
1089 3861 1183 3922 earne,
1209 3847 1347 3904 daemone

372 3932 442 3991 Cum
465 3932 617 4006 Aegyptiis
989 3931 1051 3990 Nos
1073 3947 1166 3999 erues,

329 4017 374 4075 Ne
398 4033 511 4091 mergus
531 4019 560 4076 in
582 4034 715 4092 aequore,
944 4017 1024 4075 Bone

260 4104 304 4164 15
328 4100 420 4160 Fixus
443 4117 494 4175 pes
517 4104 556 4161 sit
577 4103 729 4178 anchorae,
881 4104 921 4163 30
987 4102 1059 4175 Rex,
1083 4116 1167 4175 quem
1189 4101 1323 4162 exaltari.

371 4188 412 4246 Et
435 4203 498 4247 cum
520 4187 588 4246 filiis

313 4389 435 4440 Cantion.
454 4406 501 4439 ms.
519 4391 593 4440 Petri
610 4391 643 4440 de
660 4391 772 4440 Medicis
789 4387 942 4452 (Gallicum)
959 4404 1027 4439 eaeo.
1051 4385 1089 4439 13.
1120 4388 1183 4439 Cod.
1196 4389 1367 4440 Laurentian.
1378 4392 1420 4444 Pl.

235 4455 281 4509 29.
303 4454 326 4507 1.
351 4483 381 4493 -
406 4459 455 4507 Am
480 4457 585 4510 Sehluls
608 4459 676 4524 folgt
699 4459 778 4508 noch:
805 4457 869 4523 ,Ex
893 4453 1084 4522 exalta[vi].“
1109 4484 1142 4492 -
1164 4456 1292 4506 Siehtlioh
1316 4459 1352 4508 ist
1375 4460 1421 4512 der

235 4529 345 4591 tropus
358 4527 423 4576 tiber
435 4526 486 4577 den
498 4527 635 4577 Vorsikel:
656 4527 773 4591 „Posui
790 4527 1001 4577 adiutorium
1018 4527 1052 4576 in
1070 4530 1207 4591 potente
1225 4528 1256 4576 et
1271 4527 1420 4579 exaltavi

235 4596 389 4647 electum
408 4594 445 4646 de
464 4595 557 4660 plebe
576 4591 667 4645 mea.“
968 4589 971 4596 ⁴
