3409 5384
790 516 1022 580 -1lo-

467 691 496 749 2.
519 688 668 747 Ecclesiae
691 689 765 746 natis
787 689 878 761 ipsius
901 691 978 748 iussa
1000 686 1135 765 ferentes,

583 773 704 836 potentes
722 769 826 832 virtute,

466 845 494 904 3.
520 843 575 900 Per
597 859 667 934 quos
690 842 826 900 virtutum
851 849 1028 933 peraguntur
1049 843 1131 916 signa
1152 859 1206 917 per
1226 841 1336 922 orbem,

586 924 635 990 qui
651 921 747 989 facitis
764 922 871 975 vorhtun
888 923 955 975 eus.

383 1047 461 1111 Trop
487 1061 532 1095 ms
555 1044 582 1094 S.
600 1045 710 1095 Martini
729 1042 956 1109 Musciacensisii)
980 1061 1048 1096 saec.
1069 1041 1135 1096 10Ιιι.
1175 1046 1238 1096 (lod.
1256 1047 1381 1096 Vatican.
1400 1047 1506 1112 Regin.

313 1063 467 1174 222-1,
489 1110 599 1164 2Illius
620 1115 674 1164 fact
663 1119 725 1164 Mum

679 1281 742 1337 318.
774 1282 809 1336 ln
828 1282 929 1337 sancti
946 1281 1119 1337 Michaelis.
1153 1290 1155 1295 '

464 1408 492 1467 1.
516 1406 655 1465 Humanis
678 1422 797 1478 superas
820 1407 969 1480 iungentes
992 1406 1110 1464 vocibus
1131 1407 1201 1464 odas

583 1485 737 1540 Benedictis
754 1486 914 1552 Dominum,
933 1502 1023 1540 omues
1041 1487 1130 1556 ampeli
1147 1487 1214 1549 eiua

462 1563 492 1620 2.
514 1559 554 1618 Et
574 1576 625 1617 vos
648 1566 786 1618 concentu
808 1561 918 1633 pariter
941 1561 1085 1618 celebrate
1107 1559 1247 1634 faventes,

580 1644 702 1707 potentes
721 1641 830 1706 uirtute,
849 1641 899 1708 qui
915 1641 1010 1708 facitis
1027 1641 1135 1694 vebum
1152 1641 1220 1705 eiua

462 1716 490 1776 3.
515 1713 623 1772 Nuntia
645 1714 711 1771 dum
734 1715 843 1787 geritis,
867 1730 920 1786 per
941 1731 1014 1787 quae
1037 1714 1109 1772 bene
1132 1715 1221 1772 corda
1242 1712 1354 1786 paratis

583 1792 620 1845 orl
638 1793 803 1846 audiendum
820 1810 909 1847 uocem
928 1809 1083 1848 sermonum
1100 1794 1167 1848 aus.

380 1917 460 1981 Trop.
479 1932 527 1966 ms.
540 1917 797 1982 Sammaglorianum
815 1932 883 1994 saec.
898 1915 938 1968 12.
968 1919 1032 1968 Cori.
1044 1919 1159 1967 Parisiu.
1179 1914 1276 1968 13252.
1288 1943 1322 1951 -
1336 1914 1349 1965 1
1364 1918 1504 1968 Humani.

682 2101 744 2157 sla.
772 2101 807 2156 ln
828 2102 928 2158 sancti
946 2102 1116 2159 Michaelis.

463 2226 491 2286 1.
515 2225 666 2284 Coniuncti
689 2227 801 2298 superis
824 2227 919 2284 aninlo
942 2244 1017 2287 nunc
1039 2228 1164 2304 psallite,
1189 2225 1309 2285 fratres:

580 2305 735 2358 Benedicta
752 2305 914 2372 Dominum,
932 2321 1022 2360 omues
1041 2307 1131 2375 ampeli
1149 2309 1215 2369 eius,

459 2381 487 2439 2.
511 2379 631 2436 Lumine
656 2380 690 2437 de
713 2397 822 2438 summo
845 2380 997 2438 clarissimi
1020 2383 1127 2439 lumine
1150 2381 1231 2451 caeli,

578 2463 701 2525 potentes
719 2460 823 2523 uirtute,
842 2462 891 2526 qui
908 2461 1003 2526 fucitis
1020 2461 1127 2514 omium
1145 2462 1218 2525 eiua·

458 2534 487 2592 3.
512 2533 642 2592 Christus
666 2550 717 2591 nos
740 2531 836 2592 foveat
858 2535 964 2592 sanctis
988 2534 1120 2607 precibus
1143 2550 1254 2607 quoque
1272 2535 1380 2593 vestris

581 2612 617 2665 ati
635 2612 800 2666 uariandum
818 2629 905 2667 uocem
922 2629 1075 2666 sermonum
1093 2616 1160 2667 cius.

376 2737 455 2800 Trop.
480 2752 527 2785 ms.
550 2737 735 2786 Wintoniense
760 2753 828 2786 saec
854 2735 894 2786 10.
919 2754 958 2788 ex.
995 2738 1057 2788 cod.
1081 2740 1209 2788 Oxonien.
1228 2737 1304 2788 Bodl.
1323 2734 1385 2787 775.
1403 2739 1439 2787 Α.
1463 2766 1501 2774 —-

305 2805 386 2869 Trop.
414 2820 461 2853 ms.
485 2805 670 2855 Wintoniense
695 2821 762 2855 saec
790 2804 829 2855 11.
871 2807 934 2856 Ood.
963 2807 1030 2856 C.oll
1059 2808 1137 2872 Corp.
1162 2807 1262 2857 Christi
1286 2807 1499 2870 cantabrigien.

306 2868 366 2924 473.
384 2873 467 2922 Β.-
432 2874 557 2938 -Trop
576 2889 623 2922 ms.
636 2871 1064 2937 Glastoniense(iCantuariense)
1081 2891 1149 2925 saec.
1170 2872 1210 2924 11.
1227 2891 1268 2923 ex
1286 2873 1322 2938 (et
1342 2871 1394 2938 12.)
1422 2875 1497 2926 con

306 2940 453 2991 Londinen.
473 2941 557 3007 Calig.
578 2942 690 2992 AXIV.
710 2943 788 2992 C.—
809 2940 956 2994 2Numine
975 2981 980 2992 .
1000 2981 1006 2992 .
1026 2980 1033 2993 .
1056 2946 1164 2994 numine
1183 2943 1224 3005 (λς
1243 2943 1392 2993 clarissime
1410 2942 1497 2996 ABG.

307 3035 340 3044 -
359 3006 376 3058 3
395 3010 500 3060 Christo
519 3010 553 3074 C;
573 3026 677 3075 quoque
698 3013 795 3060 nostris
815 3011 842 3060 C.

674 3176 737 3233 320.
768 3177 803 3231 ln
822 3177 923 3232 sancti
942 3176 1113 3233 Michaelis.

459 3301 487 3360 1.
510 3299 618 3358 Summi
641 3301 803 3376 caelicolae,
831 3301 944 3358 devicto
966 3300 1085 3358 caelitus
1109 3302 1191 3359 hoste
1222 3267 1227 3274 ι

511 3384 664 3443 Vobiscum
687 3385 789 3443 merito
812 3386 919 3458 psallat
939 3386 1096 3444 Dauidicus
1118 3387 1200 3463 ordo,

579 3469 644 3518 Eia:
657 3465 785 3518 Recedite
797 3464 948 3518 Dominum
960 3480 1051 3518 omues
1063 3467 1154 3534 cupuli
1165 3467 1232 3530 eiua
1240 3470 1363 3534 potentes
1374 3466 1494 3533 uirtute,

456 3541 485 3598 2.
508 3538 563 3597 Est
584 3539 651 3610 quia
673 3556 730 3611 pax
756 3555 822 3596 vera
844 3540 970 3597 Michael
993 3541 1125 3597 vincente
1147 3539 1290 3616 perennis,

578 3619 627 3686 qui
643 3620 737 3686 fucitis
755 3619 863 3672 uerbum
880 3621 947 3682 eius,

456 3694 485 3751 3.
508 3690 680 3765 Incorrupta
701 3691 803 3765 quibus
826 3709 905 3750 mens
928 3699 957 3749 et
979 3693 1041 3750 sine
1063 3693 1181 3751 crimine
1203 3693 1294 3752 virtus

579 3771 616 3824 ud
633 3771 800 3826 audiendam
818 3787 907 3826 uocem
924 3772 1078 3826 ammomum
1095 3773 1162 3827 dus.

373 3894 452 3958 Trop
477 3911 523 3944 ms.
548 3896 732 3946 Wintoniense
756 3911 822 3945 saec
853 3893 892 3945 10.
919 3913 958 3946 cx
994 3896 1058 3946 eod.
1078 3897 1207 3947 Oxonicn.
1226 3895 1302 3945 Bodl.
1320 3892 1379 3945 775.
1398 3896 1431 3944 A.
1452 3921 1492 3932 -

304 3964 384 4028 Trop.
403 3977 451 4011 ms.
469 3964 545 4012 wint
534 3965 653 4013 toniense
672 3980 739 4014 saec.
761 3961 799 4012 11.
833 3964 895 4014 Cod
914 3965 980 4014 Coll.
1001 3967 1077 4030 Corp.
1094 3966 1190 4015 Christ'
1172 3969 1193 4014 tr
1206 3964 1352 4028 cantabrig
1351 3965 1405 4013 ien.
1423 3961 1492 4017 473.

304 4031 384 4080 B.-·
408 4032 486 4095 Trop.
511 4048 558 4081 ms.
582 4033 767 4083 Glastoniense
791 4029 1020 4094 (?Oantuariense)
1043 4049 1112 4084 saec.
1138 4031 1177 4082 11.
1202 4049 1242 4082 ex.
1264 4029 1300 4094 (st
1309 3979 1375 4093 lng2.)
1419 4033 1492 4086 Cod.

304 4099 451 4150 Londinen.
477 4098 560 4164 Calig.
585 4093 611 4147 A
635 4102 706 4151 XIV.
732 4101 812 4150 C.—
832 4098 848 4148 2
872 4104 980 4165 perenni
999 4103 1105 4150 AB.—
1130 4102 1185 4166 „Ad
1210 4096 1407 4166 Repetendum“
1436 4102 1493 4154 AB

304 4167 399 4230 nach,
399 4117 556 4231 ‚Goniuuch'
534 4166 694 4233 isuperis“
713 4166 769 4230 (Νι
787 4166 853 4231 819).

677 4335 740 4391 321.
766 4336 802 4390 lu
820 4337 920 4392 sancti
937 4336 1108 4393 Michaelis.

457 4459 485 4520 1.
508 4459 619 4516 Mirans
643 4461 786 4532 angelicas
810 4463 914 4519 cecinit
936 4462 1086 4534 psalmista
1108 4461 1239 4518 cohortes

552 4545 651 4602 Mente
673 4543 876 4618 prophetantis
900 4547 1030 4604 dulcibus
1053 4542 1191 4618 eloquiis:

610 4624 764 4679 Benedictis
781 4625 940 4694 Dominum,
961 4642 1051 4680 omues
1069 4625 1159 4694 ampeli
1174 4627 1241 4690 eius,
