3409 5384
696 536 845 600 -‘183
890 570 932 580 -

216 711 269 771 2a.
300 710 387 785 Eece,
411 725 506 782 regem
834 707 1159 783 anonomaston

302 795 415 854 Novam
435 795 527 868 legem
919 795 1114 868 Regnaturum

347 881 470 940 Dantem
493 879 571 938 orhis
594 879 717 939 eirenitu
961 879 1135 953 Prophetioo
1158 881 1306 939 admonitu

389 964 602 1032 Praedioamus,
889 961 896 973 ‘
1004 965 1187 1026 Nuntinmus.

215 1045 307 1114 Super
325 1052 349 1101 te
368 1051 456 1099 auara
474 1045 577 1100 orietur
595 1043 744 1110 Dominae,
762 1048 786 1099 et
802 1045 893 1114 pluria
910 1046 968 1098 eius
986 1046 1017 1098 ia
1034 1050 1058 1098 te
1075 1044 1215 1100 uidebitur.

216 1123 268 1181 3a.
300 1121 372 1180 Sunt
392 1120 521 1194 impleta,
835 1118 892 1182 eh.
920 1119 1078 1191 impiorum

303 1208 382 1277 Quae
404 1207 546 1278 propheta
919 1205 1091 1262 ludaeorum

346 1291 479 1363 Quisquis
503 1290 577 1348 dixit
600 1289 637 1347 de
659 1286 755 1347 futuro
961 1289 1057 1348 Corda
1078 1293 1184 1362 negant
1205 1294 1359 1362 regnaturo

387 1375 502 1434 Summo
525 1389 608 1449 rege3
1004 1375 1063 1433 Sua
1083 1375 1155 1446 lege.

214 1456 251 1510 Id
268 1455 454 1509 ambalabunt
471 1459 560 1525 pentes
580 1455 610 1506 ia
628 1453 792 1507 dominatae
811 1458 835 1508 ei
851 1469 924 1522 repes
943 1455 974 1507 io
992 1453 1134 1521 splendore
1151 1459 1228 1507 ortus
1245 1453 1297 1506 toi.

215 1535 271 1592 ia.
303 1529 432 1588 Dilatata
800 1598 802 1602 ,
836 1528 893 1588 ab.
919 1529 959 1586 Et
981 1528 1102 1600 gentiles

302 1616 365 1674 Iam
387 1614 502 1687 privata
922 1614 1005 1673 Prius
1029 1613 1099 1671 viles

347 1699 398 1759 Fit
419 1698 510 1772 regali
532 1703 674 1769 potestate
965 1700 1178 1758 Convertuntur
1199 1697 1348 1756 maiestate

390 1784 478 1844 Plebs
501 1783 618 1859 iudaea,
1006 1784 1160 1842 Aetherea.

213 1864 292 1920 Leoa
307 1866 339 1919 ia
352 1864 466 1919 arendo
477 1861 570 1916 oeulos
584 1867 646 1915 taos
658 1867 682 1916 et
693 1862 768 1929 uider
785 1879 876 1917 onmes
888 1864 937 1917 isti
949 1864 1103 1932 aoaprepate'
1114 1867 1187 1929 stad,
1202 1866 1331 1918 veneunt
1341 1863 1400 1916 tibi.

217 1945 273 2005 ha.
305 1939 398 1998 Deum
420 1953 527 2014 rernm,
836 1938 894 1998 5h.
921 1938 979 1997 Sed
1002 1937 1134 2011 Iudaei,-

304 2025 411 2098 Regem
434 2038 533 2095 regum
920 2023 1004 2082 Facti
1025 2023 1079 2094 rei,

350 2108 524 2171 Confitentes
547 2123 600 2179 per
622 2107 769 2166 lavacrum
964 2108 1030 2166 Non
1041 2105 1166 2166 fatentes
1178 2122 1274 2180 regem
1285 2121 1399 2164 sacrum

390 2193 600 2267 Salvabuutur3
1007 2193 1237 2255 Damnabuntur.

215 2272 289 2329 Filii
307 2275 350 2328 toi
367 2274 399 2328 de
416 2275 492 2340 lemae
509 2271 621 2336 oeae'eat,
639 2277 663 2326 et
679 2272 752 2339 fidiae
768 2279 830 2328 taae
848 2273 880 2326 de
897 2273 978 2326 latere
997 2279 1114 2341 sarpam,

218 2351 276 2411 iia.
306 2350 410 2409 Omnes
433 2353 532 2420 gentes
838 2346 895 2410 eb.
923 2346 995 2418 Quia
1015 2344 1099 2405 homo

305 2433 526 2506 congaudentes
924 2432 968 2490 Sit
991 2433 1027 2490 de
1050 2433 1134 2489 domo

348 2519 393 2577 De
413 2523 499 2576 cantu
520 2515 659 2592 laetitiae,
967 2518 1058 2575 Natus
1080 2516 1177 2576 David
1199 2516 1295 2576 hodie.

216 2599 295 2652 Tarae
312 2598 415 2652 uidebis
434 2600 458 2676 et
476 2597 588 2716 affluar,
613 2601 637 2648 et
653 2597 799 2676 mirabitur
809 2602 840 2677 ¹et
857 2596 1021 2675 dilatabitur
1038 2613 1085 2676 our
1103 2602 1190 2661 taam,
1209 2595 1319 2676 ᾳᾳαῃάρ
1337 2611 1399 2650 eore-

284 2683 363 2722 oerea
380 2669 464 2734 fuerat
482 2681 499 2717 a
536 2671 560 2718 te
576 2665 724 2721 maltrtado
742 2683 836 2729 marra,
856 2664 990 2733 fortitudo
1006 2670 1126 2733 penitam
1143 2669 1245 2718 neaera
1260 2665 1320 2718 teda

428 2741 457 2800 7.
483 2739 584 2811 isaias,
609 2739 666 2814 die,
691 2741 727 2798 de
750 2740 866 2802 Christo
887 2739 957 2812 quid
980 2736 1188 2812 prophetizas?

219 2828 274 2888 82.
302 2826 357 2884 Est
379 2839 497 2885 neeesse
837 2824 893 2884 ab.
920 2825 990 2883 Flos
1013 2825 1118 2883 deinde

305 2911 422 2984 Virgam
445 2911 523 2968 Iesse
922 2910 1026 2983 Surget
1047 2910 1124 2980 inde,

348 2996 393 3055 De
414 2995 514 3054 radiae
536 2995 665 3066 provehi,
745 3036 748 3042 Δ
965 2997 1019 3067 Qui
1041 3002 1085 3054 est
1106 2994 1181 3052 filius
1203 2993 1270 3054 Dei.

219 3075 373 3130 Iaeaedatio
393 3075 553 3130 conaturam
571 3075 670 3142 operiet
687 3080 719 3138 te,
738 3074 905 3130 dromedarii
922 3073 959 3126 M
960 3075 1046 3129 adiaa
1063 3080 1088 3129 et
1104 3073 1194 3142 Epha.

219 3153 276 3211 ha.
304 3151 328 3210 0
351 3150 461 3219 Iudaei,
837 3149 895 3210 eh.
924 3152 1045 3208 Vestrae
1067 3149 1141 3224 legis

306 3234 430 3293 Verbum
453 3233 509 3292 Dei
925 3235 1021 3293 Vestri
1042 3235 1118 3307 regis

349 3321 407 3380 Cur
427 3319 553 3392 negastis
575 3317 740 3376 hominem?
965 3321 1074 3379 Audite
1096 3334 1173 3377 nuno
1194 3317 1333 3376 ordinem.

220 3399 369 3521 Omaeyatersde
382 3398 459 3452 Saba
477 3399 582 3452 pendeat
599 3413 701 3451 aarum
718 3403 741 3452 et
758 3403 803 3453 tas
822 3399 974 3468 deserentes,
992 3407 1016 3455 et
1032 3399 1140 3453 laudem
1150 3396 1273 3452 Domino
1290 3413 1399 3451 amaea-

222 3474 299 3602 1οηἒ.
327 3509 429 3601 Omnes
451 3547 550 3614 gentes
838 3541 915 3602 10h.
942 3539 1172 3615 confunduntur,

326 3626 391 3685 Non
413 3627 564 3684 eredentes
944 3627 1157 3686 Convertuntur

367 3711 521 3785 Peperisse
543 3710 682 3782 virginem
985 3712 1148 3771 Maiestatis
1167 3709 1294 3770 aethere.

292 3895 353 3946 Cori.
372 3913 420 3947 ms.
439 3912 507 3946 saec.
528 3892 567 3944 14.
582 3920 617 3931 -
629 3899 777 3956 Bannister,
798 3896 857 3947 dem
876 3898 918 3946 ich
936 3898 979 3948 die
992 3899 1129 3948 Absehrift
1140 3897 1281 3959 verdanke,
1300 3896 1400 3946 konnte

222 3963 307 4015 leider
318 3965 367 4016 deu
379 3965 499 4016 Fundort
510 3964 565 4014 und
577 3964 619 4014 die
628 3963 792 4016 Provenienz
805 3965 850 4015 der
860 3966 1034 4016 Handsohrift
1045 3967 1118 4016 nieht
1129 3966 1203 4016 mehr
1215 3965 1355 4015 ermitteln.
1367 3990 1398 3998 -

223 4031 275 4093 lh,
298 4029 315 4081 2
340 4036 508 4099 Uniportum.
530 4058 562 4066 -
582 4029 634 4094 lb,
659 4029 675 4083 3
700 4033 826 4083 dicantes.
845 4060 878 4069 -
899 4031 927 4094 1,
951 4033 969 4084 4
991 4036 1154 4086 Habeamus.
1176 4063 1205 4070 —
1223 4030 1276 4094 2a,
1305 4031 1317 4083 l
1341 4049 1399 4098 sqq.

220 4098 630 4237 iiiiiigiiitii¹³3¹¹ii
645 4097 1027 4236 ssi.³;.5.1i¹;iihits
1032 4100 1145 4231 3¹11ss
1160 4103 1399 4236 ditiis...]

222 4237 348 4289 aetherea.
365 4265 399 4273 -
419 4236 473 4299 51³,
498 4235 515 4288 3
542 4237 703 4288 Confitentes
726 4254 821 4303 regem.
840 4268 874 4276 -
892 4238 947 4301 6b,
971 4238 984 4291 1
1004 4243 1073 4302 Quia
1096 4240 1169 4292 fehlt.
1187 4265 1221 4272 —
1237 4235 1289 4299 8a,
1316 4234 1399 4288 lma

221 4305 292 4354 fehlt.
308 4333 341 4343 -
357 4304 411 4364 8a,
436 4303 453 4356 2
472 4307 563 4372 Virga.
582 4333 616 4340 -
633 4303 689 4369 8u,
713 4304 729 4355 2
748 4307 839 4373 Surge.
859 4333 892 4343 -
911 4305 958 4369 9a,
982 4305 999 4359 3
1016 4310 1128 4373 negasti.
1146 4333 1180 4342 -
1197 4304 1246 4369 9b,
1273 4305 1286 4356 1
1304 4307 1401 4357 Vestra

222 4373 264 4422 lex
287 4382 330 4426 est.
349 4402 383 4411 -
400 4372 455 4434 9b,
481 4371 497 4424 3
517 4374 614 4424 Audite
633 4391 680 4440 per
697 4375 826 4425 ordinem.
843 4402 876 4412 -
897 4374 961 4436 lob,
986 4374 999 4427 1
1019 4379 1117 4428 Gentes
1135 4372 1291 4440 undiquesst
1309 4400 1344 4411 -
1361 4375 1400 4424 Zu

224 4438 277 4492 lob
290 4445 330 4495 eir.
342 4443 396 4505 4b;
409 4442 629 4493 wahrseheinliah
641 4445 677 4493 ist
689 4443 732 4493 die
746 4444 820 4493 echte
832 4446 1035 4510 urspringliehe
1044 4446 1157 4510 Strophe
1169 4443 1333 4509 ausgefallen
1343 4443 1399 4492 und

225 4509 282 4558 dem
295 4511 431 4563 Sehreiber
449 4513 492 4562 die
511 4510 624 4576 Strophe
641 4508 682 4562 th
701 4513 730 4561 in
750 4512 793 4562 die
805 4512 889 4562 Feder
906 4514 1071 4578 gekommen.
1084 4540 1118 4548 -
1130 4514 1233 4563 Voraus
1269 4511 1313 4561 eht
1330 4511 1399 4560 auch

224 4576 280 4628 hier
291 4581 397 4695 tdieder,
415 4581 466 4630 wie
478 4581 522 4630 bei
535 4580 580 4631 Nr.
593 4577 652 4640 387,
671 4579 717 4630 der
730 4580 896 4631 Conductus:
914 4582 1067 4632 Resonet
1082 4578 1087 4646 Ι
1100 4583 1237 4632 Intonet
1250 4529 1398 4645 friuolis

224 4660 285 4696 eon
306 4665 343 4698 no.

109 4967 143 5211 i
