3409 5384
777 489 1008 552 -198—

611 741 673 798 407.
693 742 728 796 ln
747 757 772 798 s.
791 741 939 796 Iohannis
957 739 1181 809 Evangellstae.

612 902 641 965 1.
665 902 820 961 Praeclara
841 906 957 958 resonet
977 915 1047 958 vace

665 986 790 1046 Nostrae
813 985 916 1044 chorus
939 985 1087 1053 ecclesiae,

666 1073 833 1144 lustumque
855 1070 954 1129 laudet
977 1071 1103 1128 carmine

371 1197 396 1216 ,
478 1153 571 1210 Lectio
589 1153 652 1208 iibri
670 1152 831 1220 sapientiae,

614 1248 643 1304 2.
666 1245 701 1302 In
723 1259 779 1316 qua
801 1243 873 1301 satis
895 1241 1066 1312 ostenditur,

668 1331 781 1400 Quanta
803 1344 909 1386 corona
931 1327 1048 1386 dabitur

667 1413 790 1490 Sanctis,
814 1412 851 1471 de
873 1412 975 1486 quibus
995 1411 1115 1470 dicitur:

482 1494 538 1565 Qni
551 1495 624 1548 tintet
641 1491 740 1558 Deam,
759 1492 843 1560 faciet
861 1493 942 1547 bona

616 1588 644 1646 3.
669 1583 817 1656 Stupeuda
839 1583 1005 1660 sapientiae,
1087 1657 1090 1663 ,

668 1669 839 1742 Exemplum
864 1669 1021 1741 patientiae

667 1753 775 1813 Factus
798 1763 827 1811 ct
848 1754 1044 1825 innocentiae;

480 1841 511 1902 et,
530 1836 578 1903 qni
596 1835 714 1889 continet
731 1835 882 1898 seientiam,
899 1833 1081 1902 apprehendet
1099 1833 1189 1900 titan·

615 1929 644 1985 4.
668 1925 742 1983 Nam
766 1926 839 1982 hanc
863 1924 970 1983 habere
991 1924 1082 1982 voluit

668 2009 709 2069 Et
728 2009 803 2068 hanc
823 2010 985 2068 habendam
1012 2009 1117 2087 docuit,

670 2095 745 2154 Duru
768 2095 914 2152 sanctitati
936 2094 1063 2169 studuit;

481 2182 506 2231 et
523 2175 642 2230 obviabit
659 2175 703 2229 itii
720 2174 803 2242 qnasi
820 2179 906 2227 mater
922 2174 1113 2242 honorificata,

622 2274 650 2328 5.
673 2269 751 2340 Quae
772 2267 923 2324 credentes
944 2264 1089 2340 laetificat,

672 2354 750 2423 Quae
772 2351 848 2410 vitae
873 2352 947 2410 viam
968 2351 1087 2425 indicat,

672 2440 749 2512 Quae
771 2437 862 2494 iustos
885 2435 1074 2494 honestificat.

487 2518 593 2573 Cibabit
610 2519 689 2572 iltnrn
703 2533 777 2586 pane
795 2517 865 2570 atae
882 2521 907 2569 et
923 2515 1080 2579 intellectas,

582 2657 584 2664 ,
619 2613 648 2673 6.
672 2611 749 2668 Pane
771 2607 886 2681 quidem
908 2608 1046 2685 angelico,

671 2695 749 2752 Pane
773 2694 900 2764 caelesti,
922 2695 1043 2766 mystico

673 2780 835 2851 Salutisque
858 2779 979 2847 viaticu3

486 2866 510 2915 et
527 2875 602 2927 aqna
620 2859 772 2927 sapientiae
790 2858 922 2911 salutarie
936 2858 1045 2926 potabit
1060 2858 1149 2922 itinn,

623 2946 651 3002 7.
674 2941 719 2999 Ne
745 2943 774 2998 in
798 2949 944 2998 aeternnm
966 2940 1054 3015 sitiat,
1166 2975 1171 2985 ·

674 3027 718 3084 Nc
741 3042 918 3084 marcescens
942 3025 1072 3096 deficiat;

485 3114 509 3163 et
526 3109 683 3177 {innabitat
700 3124 731 3158 tn
748 3107 806 3170 illa,
824 3110 848 3158 et
866 3119 923 3158 non
941 3107 1068 3173 flectetnr,

622 3193 651 3252 8.
675 3190 733 3248 Sed
755 3190 784 3246 in
808 3204 840 3246 eo
863 3187 1044 3257 laudaticum

486 3276 510 3325 et
528 3271 674 3326 continebit
691 3269 776 3333 itinn,
795 3273 817 3321 et
835 3281 893 3320 nen
909 3266 1102 3334 conscindetur,

620 3355 650 3415 9.
673 3351 780 3410 Nullus
802 3351 877 3407 enim
902 3347 1087 3407 confunditur

678 3437 740 3495 Nec
760 3434 856 3492 definit
880 3451 932 3492 nec
953 3434 1071 3506 labitur,

679 3529 734 3594 Qui
755 3523 832 3578 iussa
854 3520 910 3578 Dei
933 3521 1079 3592 sequitur;

486 3607 511 3655 et
532 3603 663 3657 eaaitabit
681 3603 759 3655 itinn
778 3600 855 3667 apnct
872 3600 1012 3667 proximas
1032 3613 1105 3650 snos.

601 3687 650 3746 10.
675 3686 713 3742 Et
736 3683 802 3757 quia
826 3681 880 3740 fuit
900 3682 1025 3757 humiliS,

675 3769 727 3827 Fit
748 3769 823 3828 altus
844 3776 873 3825 et
895 3767 1045 3838 mirabilis,

678 3855 751 3914 Nam
774 3859 871 3914 rector
891 3852 1043 3910 ineffabilis

488 3936 518 3988 in
538 3934 625 3988 inedia
643 3935 767 3990 ecciesiae
787 3933 895 4001 apernit
913 3947 943 3986 aa
961 3933 1041 3994 eina·

605 4019 655 4078 11.
678 4017 719 4076 Ut
741 4017 818 4074 vitae
840 4014 937 4073 uerbis
960 4011 1081 4070 affluens

678 4100 787 4159 Ductor
809 4099 885 4158 foret
907 4097 1062 4169 sufficiens,

679 4188 768 4257 Quem
792 4185 889 4243 docuit
907 4183 1096 4255 omnipotens.

490 4267 531 4320 Et
548 4267 665 4334 implevit
682 4265 759 4318 itinn
780 4265 884 4332 spirita
904 4262 1054 4331 sapientiae
1071 4268 1095 4315 et
1111 4262 1266 4324 intellectae,

605 4351 654 4408 12.
679 4349 728 4418 Ut,
752 4363 824 4420 quae
847 4363 957 4405 sursum
981 4352 1057 4420 suut,
1081 4352 1205 4423 saperet,

678 4436 756 4505 Quae
781 4440 870 4505 recta,
893 4431 1074 4500 intellegeret

679 4512 914 4596 Intellecta[que]
938 4515 1063 4590 iaceret,

492 4604 517 4651 et
537 4599 633 4652 statam
650 4598 751 4667 pbtriae
767 4598 861 4651 incinit
880 4613 947 4661 eane,
