3409 5384
780 524 1015 588 -152-

409 696 438 756 8.
462 695 570 756 Ordine
591 696 810 758 Melchisedech
832 697 970 756 libamina
992 715 1075 758 sacre
1097 695 1250 774 ferentem,

545 781 575 830 ut
596 777 632 830 sit
650 776 691 830 elli
708 776 853 831 sacudotii
871 777 1006 848 dipnitam

316 847 318 856 ’
406 849 437 909 4.
460 849 484 910 0
506 849 753 984 Suithffinms
776 849 900 910 defende
922 852 1061 927 benignas
1085 852 1217 914 alumnos

377 1068 457 1132 Trop.
481 1084 528 1117 ms.
553 1069 738 1120 Wiutoniense
762 1084 830 1120 saec.
858 1065 896 1120 10.
921 1087 961 1120 ex.
998 1069 1060 1120 Cod·
1074 1071 1214 1120 'Oxoniem
1231 1069 1307 1119 Bodl.
1326 1066 1387 1119 775.
1406 1069 1441 1118 A.
1464 1095 1499 1104 -

309 1135 389 1199 Trop.
408 1153 455 1186 ms.
473 1138 658 1188 Wintonieuse
677 1153 744 1188 saec.
766 1134 805 1188 ll.
835 1139 899 1189 Cod.
918 1139 985 1190 Call.
1003 1139 1082 1203 Corp.
1101 1139 1200 1189 Christi
1213 1137 1416 1203 Cantabrigien.
1431 1134 1499 1189 473.

308 1205 340 1254 Β.
358 1229 392 1240 -
414 1205 481 1269 „Tro
502 1207 510 1254 i
529 1207 557 1254 in
576 1206 741 1271 depositione
760 1222 780 1256 s.
800 1205 931 1256 Swithuni
949 1203 1005 1273 ep.“
1025 1207 1056 1257 A.
1070 1235 1103 1242 -
1114 1206 1180 1257 InB
1200 1206 1287 1256 lehlen
1304 1206 1349 1256 die
1360 1207 1499 1257 initialem

307 1287 360 1322 von
385 1274 451 1323 Vens
548 1309 554 1322 .
580 1299 610 1308 -
633 1271 651 1323 4
677 1270 756 1340 [N]os
786 1275 922 1325 Swithuno
944 1276 974 1324 B.
997 1301 1031 1311 -
1054 1274 1163 1325 Dichter
1188 1274 1305 1325 offenbar
1328 1275 1500 1325 Wulstan

306 1354 371 1391 von
394 1341 620 1404 winchester,
643 1343 689 1392 eir.
707 1343 812 1402 Blume,
835 1344 960 1393 Wulstan
984 1359 1035 1392 von
1052 1343 1221 1394 winchester
1237 1349 1285 1392 etc.
1304 1345 1333 1392 in
1351 1343 1499 1408 Sitaungs·

308 1409 425 1460 berichte
443 1411 490 1460 der
507 1411 581 1460 Kais.
599 1411 745 1462 Akudemie
763 1412 787 1461 d.
807 1412 969 1462 Wissensch.
988 1414 1016 1462 in
1034 1412 1125 1476 Wien3
1147 1412 1196 1462 Bd.
1215 1412 1333 1462 CXLVI.

682 1628 744 1686 353.
771 1628 807 1683 ln
825 1629 926 1685 suncti
945 1628 1108 1686 swithuni.

459 1773 489 1835 1.
514 1775 611 1832 Aures
632 1771 682 1829 lux
704 1772 792 1833 hodio
816 1773 916 1830 rutilat
939 1772 1101 1831 Swithnuns
1123 1772 1153 1830 in
1176 1771 1259 1848 orbe,

446 1865 448 1870 '
514 1857 576 1931 Cui,
600 1857 667 1930 quia
689 1854 826 1930 pacificus
848 1855 944 1915 inerat
965 1857 1131 1916 mitissimus
1153 1862 1248 1934 atquo,

581 1934 685 1990 Statuit
703 1937 727 1989 ei
745 1936 885 1991 Dominus
903 1942 1087 1991 testamentum
1101 1938 1182 2005 pacis

457 2012 485 2072 2.
510 2010 650 2070 Gentibus
672 2011 833 2084 Anglornm
857 2027 957 2084 pacem
978 2012 1119 2070 mittendo
1140 2027 1194 2084 per
1215 2011 1310 2087 illum,

581 2095 605 2145 et
617 2091 771 2158 principem
788 2092 852 2159 feeit
869 2106 934 2144 eum.

457 2167 486 2226 3.
510 2164 678 2223 Pontificale
700 2166 791 2224 decus
815 2164 957 2222 concessit
978 2164 1061 2236 cique
1083 2164 1234 2242 benignus,

579 2245 665 2298 nteit
684 2243 727 2297 illi
744 2243 888 2299 eacudotii
905 2244 1041 2313 dimitat,-

457 2321 486 2378 4.
510 2319 603 2376 Huius
625 2335 677 2376 nos
700 2313 811 2378 meritis
835 2319 967 2378 Christus
990 2316 1154 2375 conscribat
1175 2317 1206 2375 in
1227 2310 1316 2376 astris

580 2399 611 2450 in
628 2403 772 2451 aeternnm.

374 2538 453 2602 Trop.
478 2553 526 2588 ms.
549 2537 736 2587 Wintoniense
760 2551 827 2585 suec.
854 2532 893 2587 10.
916 2552 957 2586 ex.
995 2537 1058 2586 Cod.
1082 2536 1212 2586 Oxouien.
1231 2534 1306 2585 Bodl.
1325 2531 1384 2585 775.
1403 2535 1439 2584 A.
1460 2561 1498 2572 -

308 2607 388 2670 Trop.
407 2623 454 2656 ms.
472 2606 657 2656 Wiutouiense
675 2620 743 2654 saec.
764 2602 803 2654 11.
835 2604 899 2655 Cod.
918 2605 986 2656 Coll.
1004 2605 1082 2668 Corp.
1101 2603 1200 2654 Christi
1213 2604 1414 2668 Cantabrigieu.
1429 2600 1496 2654 473.

305 2676 336 2726 Β.
354 2702 388 2709 -
408 2672 434 2735 1,
459 2670 476 2723 2
500 2675 552 2735 Qui
574 2674 627 2724 AB.
646 2674 728 2722 -Iu
749 2673 784 2722 A:
810 2673 867 2738 ,Ad
889 2668 1084 2738 Repetendum“
1109 2671 1178 2722 nach
1200 2671 1286 2721 Ecce
1311 2678 1497 2736 patronus.

309 2740 502 2807 (115352).-
519 2742 629 2792 Dichter
647 2741 764 2793 offenbar
781 2742 940 2802 Wpulstan
963 2757 1028 2792 von
1049 2740 1267 2790 Winchester.

652 2943 714 2999 354.
741 2944 776 2997 lu
794 2942 895 2998 saneti
914 2941 1139 3011 symphoriani.

459 3087 487 3147 1.
512 3085 678 3144 Laudmtcs
701 3091 815 3157 patrem
840 3085 977 3143 virtutum
999 3082 1070 3141 flore
1092 3084 1233 3144 nitentem

578 3169 675 3229 Dicite,
694 3171 749 3219 sia:
770 3165 869 3218 Iustus
887 3168 919 3217 ut
932 3163 1029 3231 palma
1045 3163 1158 3232 florebit,

461 3243 489 3304 2.
516 3238 651 3298 Germine
673 3235 829 3311 multiplici
851 3236 944 3310 inlget
965 3237 1164 3309 superandus
1187 3231 1271 3306 caeli,

580 3320 649 3372 ucat
666 3319 761 3373 cedrus
778 3317 886 3371 Inbacn'
903 3317 1135 3384 multiplicabitur,

460 3395 489 3453 3.
513 3392 638 3452 Cardine
660 3393 708 3466 qni
729 3391 813 3455 firmu
837 3391 1001 3450 statuimus
1023 3392 1052 3448 iu
1075 3392 1177 3449 ordine
1199 3405 1319 3465 summo,

575 3473 721 3541 plantatus
739 3472 771 3524 in
789 3471 867 3525 domo
881 3470 1005 3526 Domini.

373 3615 453 3676 Trop.
477 3627 524 3662 ms.
543 3612 698 3661 Prumieuse
722 3627 790 3662 saec.
815 3607 883 3660 ¹⁰lm.
916 3610 980 3660 Cod.
1003 3611 1117 3661 Parisin.
1135 3606 1211 3660 9448.
1230 3610 1261 3660 A.
1280 3636 1312 3645 -
1330 3611 1415 3676 Trop.
1442 3629 1495 3664 ms.

306 3683 334 3736 S.
352 3679 454 3732 Arnulfi
471 3681 599 3731 Meteusis
623 3695 691 3730 saec.
713 3677 752 3729 12.
777 3682 813 3730 in.
850 3679 912 3728 Cod.
930 3680 1027 3728 Mcten.
1045 3676 1104 3728 452.
1122 3680 1153 3728 Β,
1171 3705 1205 3713 -
1223 3679 1255 3729 In
1273 3680 1295 3728 Α
1315 3679 1357 3728 als
1382 3680 1418 3730 de
1437 3697 1496 3732 uno

294 3751 432 3814 uyMurtyre,
448 3765 524 3798 wozu
542 3748 588 3798 der
605 3750 789 3799 Introitustoxt
806 3747 880 3798 nicht
893 3747 976 3812 passi.

676 3949 737 4005 355.
764 3948 799 4003 ln
818 3950 945 4004 sanctae
962 3948 1118 4006 Valeriae.
1183 3968 1189 3980 ’

426 4093 455 4152 1.
478 4092 612 4164 Digniter
634 4092 730 4149 eximii
753 4091 912 4149 recolentes
935 4106 1053 4148 munera
1075 4088 1143 4146 festi

529 4170 703 4224 Gaudeamus
721 4186 811 4225 omnes
828 4171 860 4223 in
879 4170 1011 4234 Domina,
1031 4169 1102 4223 diem
1119 4171 1218 4236 festum
1236 4168 1407 4237 celebrantes,

323 4267 324 4274 ¹
425 4248 453 4305 2.
478 4247 611 4317 Congrum
633 4245 775 4302 solventes
799 4244 886 4316 digna
908 4260 1019 4318 quoque
1041 4244 1169 4318 praemia
1190 4243 1308 4302 laudum

528 4325 578 4379 sub
596 4326 698 4378 honore
715 4323 805 4378 heatae
824 4323 951 4390 Valeriae,

426 4401 454 4462 3.
478 4398 602 4457 Divitias
625 4398 713 4456 saecli
735 4398 852 4470 tempsit
873 4414 946 4470 qnae
968 4404 1062 4455 mente
1086 4396 1191 4473 fugaci,

529 4477 560 4532 de
577 4482 655 4531 cuius
673 4478 820 4545 festim'tate
837 4477 955 4544 pandent
973 4478 1071 4545 unpeli,

426 4554 455 4613 4.
479 4552 670 4625 Adplandunt
692 4551 847 4610 Cherubim
872 4552 917 4609 cni
938 4567 973 4610 ac
995 4551 1202 4625 Seraphimqne
1224 4550 1309 4609 beata

528 4636 552 4685 et
569 4630 729 4686 collaudant
746 4630 832 4698 pilium
849 4630 912 4683 Dei.
