3409 5384
703 491 936 562 2-249-

446 728 448 731 .
529 683 592 742 484.
619 685 655 739 In
674 698 699 742 s.
719 685 866 740 Iohannis
884 685 1109 753 evangelistae.

262 828 278 886 1
315 826 448 904 Monere,

297 931 301 947 ·
315 912 421 971 Vivere

315 996 411 1055 Debes
434 1001 462 1053 et
484 993 588 1053 florere

315 1083 351 1140 In
372 1097 427 1150 me,
450 1081 583 1154 quicum
606 1095 673 1145 rere

315 1423 410 1481 Vitam
434 1421 470 1479 de
491 1437 547 1496 me,
572 1421 639 1483 vite.

313 1508 394 1568 Odor
415 1507 549 1580 myrrhae
568 1507 663 1580 tritae,

230 1594 278 1653 10
314 1593 448 1652 Balsamo
471 1592 605 1650 conditae

314 1679 455 1750 Fragrat3
479 1677 536 1736 hnc
557 1677 661 1752 venite,

314 1763 466 1839 Myrrham
487 1763 624 1839 invenite,

314 1847 432 1908 Sentite.

314 1932 411 1994 Obiite

229 2021 277 2078 15
358 2018 422 2093 Tui,
446 2017 482 2076 de
504 2024 533 2075 te
554 2033 670 2090 quaere,

357 2104 402 2162 De
424 2103 551 2161 Iohanne
573 2119 610 2160 ne
631 2103 754 2178 mirere,

355 2189 436 2248 Eam
456 2188 518 2246 eolo
541 2187 568 2248 ai
589 2205 718 2265 monere,

356 2275 430 2347 Quid
452 2274 490 2332 ad
513 2273 566 2337 te?
590 2273 643 2332 Me
663 2289 789 2346 sequere.

314 2359 381 2417 Tibi
402 2364 510 2417 stratae

229 2447 279 2506 20
314 2446 564 2503 Praemonstratae

358 2532 461 2589 Patent
483 2535 513 2586 et
533 2544 635 2586 cruore

314 2616 435 2688 Proprie
458 2619 525 2672 sunt
546 2616 692 2687 signatae3

355 2701 396 2758 Te
419 2700 529 2757 redemi
550 2701 670 2773 pignore

208 2832 212 2843 .
294 2787 434 2844 ,Animae
456 2801 510 2857 pro
531 2793 561 2843 te
584 2785 680 2846 datae.

224 2876 276 2934 25
311 2873 437 2944 Ingrate‚

311 2957 422 3014 Pietate

353 3043 548 3114 eommovere,

354 3127 385 3185 Si
405 3143 452 3185 me
473 3142 541 3185 vere

395 3212 500 3285 Diligis
522 3222 552 3269 et
573 3228 655 3284 pure.

225 3301 277 3361 30
397 3296 590 3369 Flageilornm
613 3299 744 3371 triturae,

312 3381 413 3458 sputa,
435 3384 537 3451 minae,

311 3467 393 3526 Clavi
414 3468 524 3542 spinae,

395 3555 553 3612 Pressuras

933 828 1039 885 Forma
1061 825 1119 884 sint
1142 826 1328 904 disciplinae,

859 914 897 972 35
976 912 1039 982 Fel,
1063 915 1190 984 catenae,

973 998 1081 1057 Caesae
1103 1012 1202 1072 genae,

973 1083 1078 1142 Omnes
1101 1098 1190 1140 venae

974 1167 1072 1239 Plagis
1095 1167 1207 1243 plenae,

974 1253 1029 1311 Tot
1050 1268 1168 1325 poenae,

856 1338 896 1398 40
934 1391 936 1394 .
974 1337 1005 1396 Si
1028 1337 1101 1395 bene
1260 1391 1271 1410 ,

929 1422 1085 1493 Ponderes‚
1114 1429 1181 1480 sunt
1204 1421 1363 1487 doctrinae.

974 1507 1136 1567 Condolent
1157 1515 1277 1566 naturae

972 1593 1114 1665 Lepidum
1137 1593 1289 1671 scissurae,

972 1679 1058 1736 Lucis
1082 1679 1125 1736 sol
1148 1677 1295 1749 obscurae,

855 1766 896 1823 45
973 1763 1100 1837 Odure,

1014 1849 1055 1906 Te
1077 1849 1213 1907 Iohannis
1236 1850 1349 1921 aquilae

971 1934 1108 1991 Moneant
1130 1934 1299 2006 scripturae.

970 2019 1078 2077 Manna
1102 2020 1266 2092 sepulturae

959 2105 976 2110 ”
1015 2105 1084 2164 Fuit
1105 2105 1171 2162 hnic
1194 2105 1288 2163 cubile

853 2190 894 2249 50
929 2189 1027 2247 Meum
1049 2197 1165 2263 pectus;

927 2275 984 2346 Hic
1006 2275 1114 2332 electus

929 2359 1030 2420 Custos
1052 2360 1152 2417 matris
1175 2359 1295 2421 Mariae.

968 2447 1049 2504 Hora
1071 2459 1158 2502 cenae

970 2530 1074 2587 Hausit
1098 2531 1181 2602 piene

854 2618 893 2675 55
927 2613 1048 2672 Fontem
1071 2616 1190 2688 gratiae,

968 2701 1038 2758 Ales
1060 2701 1114 2758 aiis

970 2785 1115 2858 Spiritalis

926 2871 1111 2929 Praeminens
1133 2870 1279 2948 scientiae,

970 2955 1075 3029 Figens
1098 2957 1190 3014 visum

851 3044 892 3102 60
959 3033 1035 3099 'Non
1057 3041 1157 3099 elisum

925 3128 958 3185 In
981 3143 1035 3200 me,
1059 3128 1147 3186 solem
1169 3126 1286 3204 gloriae,

966 3212 1055 3288 ,Cuius
1077 3213 1141 3270 alac

969 3283 1041 3356 ’Sunt
1062 3297 1198 3355 virtutum
1221 3298 1326 3358 scalae.

925 3385 1021 3460 Meum
1045 3383 1204 3454 spiritalem

850 3469 890 3526 65
925 3469 996 3525 Volo
1020 3469 1107 3526 telem

929 3557 931 3560 ’
967 3553 1100 3614 Monere.

292 3686 409 3748 Plenius,
427 3688 474 3737 Νι.
485 3689 545 3738 LII.
565 3713 595 3721 -
614 3683 631 3736 8
649 3703 691 3737 me
708 3689 789 3737 vitae.
802 3713 836 3720 -
847 3683 865 3736 9
877 3687 948 3738 Odor
968 3687 1033 3737 mire
1051 3689 1137 3738 tritae.
1149 3713 1183 3722 -
1197 3684 1226 3737 11
1241 3687 1356 3753 Flagrat.
1369 3713 1403 3722 -·

210 3755 253 3809 27
275 3757 474 3808 commoverere.
491 3783 526 3790 -
543 3752 578 3806 48
594 3757 695 3820 Magna
711 3756 871 3820 sepulturae.
888 3783 923 3790 —
940 3755 1064 3806 Offenbar
1081 3757 1185 3821 inopus
1202 3771 1262 3805 num
1280 3756 1403 3807 Veraikei

208 3827 267 3878 des
299 3824 446 3876 Graduale:
484 3825 542 3876 Sic
576 3840 647 3875 eum
682 3825 761 3875 volo
789 3836 937 3886 marcere,
968 3825 1075 3875 donec
1103 3826 1250 3888 veniam;
1285 3830 1321 3874 tu
1356 3841 1403 3876 me

205 3908 375 3959 sequere.

601 4025 664 4084 485.
692 4027 727 4081 In
745 4026 846 4083 sancti
865 4025 1019 4083 silvestri.

556 4170 585 4228 1.
620 4168 754 4228 Gloriosa
785 4233 788 4241 4

570 4255 686 4327 [dies
709 4253 830 4313 celebris
918 4263 923 4274 ⁴

623 4345 653 4396 et
674 4340 851 4399 sollemnitas
951 4353 953 4357 ·

625 4424 729 4482 colitur
752 4425 853 4482 hodie

624 4509 717 4567 sancti
739 4507 913 4569 confessoris

622 4595 664 4652 tui
687 4594 819 4653 Silvesiri
