3409 5384
798 479 1029 542 -192-

325 641 362 695 Io
380 641 474 698 diebos
491 642 557 710 illis,
970 705 973 709 .

605 719 634 778 3.
657 717 742 785 Dum,
764 719 840 790 quod
863 719 899 778 ab
922 737 993 780 nevo
1015 722 1109 794 latuit,

661 803 718 860 Per
739 803 894 863 Iohannem
917 807 1010 882 patuit

657 887 845 946 Revelantem
867 892 975 951 caelica

658 971 735 1031 Voce
761 976 941 1047 evangelice:

332 1051 396 1105 Vidi
413 1067 502 1120 supro
521 1057 635 1108 montem
653 1051 723 1106 Sion
742 1069 842 1122 agnum
861 1061 984 1120 stantem,

605 1129 635 1186 4.
658 1127 815 1185 Immunem

657 1211 704 1270 Ab
730 1214 807 1270 omni
829 1222 957 1288 peccato,

658 1297 841 1357 Communem

659 1377 803 1460 (Homini)
825 1385 878 1442 sub
901 1392 1020 1457 peccato
1042 1391 1125 1462 nato;

326 1468 349 1517 et
367 1481 427 1519 oum
444 1479 475 1516 eo
492 1467 598 1518 eeetwm
616 1462 802 1530 quadraginta
822 1468 955 1530 quadum
966 1463 1042 1519 milio
1054 1465 1180 1520 habentes
1191 1481 1287 1521 noscere
1300 1469 1359 1522 dus
1372 1474 1399 1523 et
1409 1483 1502 1523 nonme

390 1533 484 1600 patris
502 1533 559 1586 ons
577 1531 708 1598 scriptum
726 1530 757 1583 io
773 1533 912 1598 frontibus
930 1533 998 1598 suis,

606 1608 634 1667 5.
658 1605 712 1675 Qui
733 1605 856 1664 heredes
879 1606 987 1665 Christi
1008 1607 1155 1666 constituti

657 1689 762 1762 Legem
785 1687 856 1768 (sui)
878 1692 976 1750 calicis
998 1698 1065 1751 sunt
1087 1694 1240 1755 consecuti.

326 1770 367 1824 Et
384 1770 478 1826 audivi
496 1785 583 1826 uocem
600 1768 631 1823 de
649 1770 722 1823 eaelo
740 1774 879 1837 turnqtmm
895 1786 982 1825 vocem
999 1788 1135 1840 aquosum
1152 1773 1305 1840 mmmm,

606 1845 634 1904 6.
659 1841 883 1903 Sanctimouiam
907 1845 1023 1904 deitatis
1046 1844 1251 1906 vociferantem

660 1929 694 1986 In
717 1929 841 2002 sedeque
865 1930 981 1989 deitatis
1003 1949 1107 2004 agnum
1129 1931 1370 2010 magnificantem,

325 2016 348 2065 et
366 2025 462 2075 vocem,
482 2026 567 2080 quom
585 2008 688 2070 andivi,
706 2009 777 2062 sicot
794 2009 1012 2064 ettaroedorem
1026 2011 1252 2067 metamaucum
1261 2014 1294 2065 io
1307 2014 1426 2067 attioris
1438 2012 1501 2075 eois,
1594 2004 1595 2019 ¹

606 2084 633 2143 t.
656 2081 728 2154 Quie
750 2082 867 2140 caelesti
890 2101 1007 2143 munere
1029 2083 1097 2143 freti

657 2168 785 2227 Aeterno
806 2169 911 2240 gaudio
933 2177 1000 2228 sunt
1022 2171 1142 2248 repleti3
1243 2153 1247 2160 ¹

325 2255 349 2302 et
371 2249 522 2372 οἶῖιΐαϋαριι
544 2248 626 2317 quusi
650 2247 786 2302 canticum
803 2265 900 2302 novum
917 2255 979 2302 ante
997 2250 1082 2305 sedem
1100 2255 1124 2303 et
1140 2256 1203 2305 onte
1220 2256 1349 2319 quotuor
1368 2252 1502 2306 animalia

434 2333 550 2373 censores

605 2391 634 2452 8.
658 2389 802 2461 Hymnum
825 2395 854 2446 et
876 2390 1007 2468 gloriam,

657 2474 784 2534 Salutem
807 2481 835 2532 et
858 2476 1023 2555 victoriem3

324 2562 347 2610 et
365 2572 441 2611 ueruto
455 2561 565 2623 poterat
582 2555 667 2608 dicere
681 2553 816 2606 canticum
828 2555 908 2621 illud,
927 2556 1046 2611 ntsttlla
1059 2559 1362 2629 centumquadraginta
1375 2564 1502 2629 potuim

392 2624 477 2689 milia,
495 2625 544 2692 qui
561 2623 643 2689 empti
660 2627 727 2676 sumt
745 2620 776 2674 de
794 2627 875 2686 terra,

606 2699 634 2757 9.
659 2699 784 2768 Quorum
808 2713 930 2768 corpore
951 2704 1044 2756 morte
1067 2706 1215 2760 cruentata

658 2780 835 2841 Sacrificium
858 2783 921 2840 Deo
943 2791 1008 2841 sunt
1030 2783 1186 2864 immolata,

657 2868 697 2925 Et
719 2867 767 2939 qui
790 2867 826 2924 dc
849 2873 927 2925 terra
949 2870 1038 2942 empti

659 2951 803 3023 Sanguine
824 2953 916 3026 ipsius
937 2961 1004 3012 sunt
1027 2956 1178 3029 redempti.

323 3035 364 3088 Ht
381 3039 458 3102 suut,
476 3035 524 3103 qwi
543 3049 603 3088 omn
620 3031 780 3085 mulieribus
796 3048 856 3085 oon
874 3037 939 3085 sunt
957 3035 1142 3102 coinquinati,⁸
1160 3036 1279 3105 virgines
1298 3036 1376 3091 enim
1394 3042 1473 3102 eunt·

375 3130 377 3135 ·
583 3109 631 3167 10.
654 3106 693 3164 Hi
714 3113 788 3183 sunt,
813 3108 863 3179 qui
887 3107 1027 3166 castitatis
1049 3106 1149 3167 florem

697 3193 724 3250 A
747 3192 846 3249 mundi
867 3191 1013 3250 illecebris

699 3276 739 3334 Et
761 3277 873 3334 deliciis
897 3277 1006 3336 crebris

658 3361 866 3421 Converterunt
886 3364 915 3422 iu
938 3363 1099 3422 divinitatis
1121 3380 1256 3427 amorem.

322 3445 364 3498 Hi
382 3450 534 3512 sequuntur
552 3457 663 3510 woodo,
681 3456 847 3509 quocumque
862 3443 932 3506 ierit,

583 3517 632 3576 11.
655 3515 753 3574 Animi
776 3515 950 3592 integritate,

658 3598 790 3660 Perfecta
814 3601 933 3660 caritate

656 3687 694 3744 Et
718 3686 846 3758 corporis
868 3687 1043 3749 sinceritate.

323 3767 365 3820 Ht
382 3769 463 3836 erepti
480 3773 547 3822 sont
564 3766 767 3822 scientioribus
781 3765 921 3831 primitiae
938 3766 998 3821 Deo
1015 3772 1040 3821 et
1057 3782 1144 3837 apem·

583 3843 632 3901 12.
656 3839 716 3898 Hos
739 3839 794 3897 sibi
818 3840 938 3899 dextera
959 3841 1051 3913 patris

656 3924 769 3998 Delegit
792 3925 903 3998 pugiles
926 3926 1063 3984 ecclesiae
1084 3927 1201 3997 matris3

324 4012 348 4060 et
365 4007 396 4059 in
415 4020 460 4060 ore
477 4021 569 4061 cortem
586 4020 644 4058 non
664 4009 702 4058 est
719 4005 859 4058 incentum
875 4004 1054 4070 mendacium

583 4081 633 4141 13.
656 4080 728 4149 Quia
750 4079 843 4151 gratis
865 4078 920 4137 Dei
941 4080 1098 4152 amplexati

658 4165 753 4238 Ipsius
775 4164 890 4221 monitis
912 4170 1056 4237 nequeunt
1079 4181 1142 4223 esso
1164 4162 1312 4240 frustrati3

324 4244 384 4299 eine
401 4245 511 4300 memte
529 4245 599 4298 euim
617 4248 682 4297 sent
699 4248 762 4296 onte
779 4243 907 4297 limosum
923 4243 985 4297 Dei.

583 4320 633 4380 14.
657 4318 680 4376 0
707 4317 799 4375 dulcis
822 4319 1034 4397 contemplatio,

655 4403 792 4462 Miranda
814 4403 932 4461 relatio!

657 4487 759 4561 Stupet
780 4494 901 4547 naturae
922 4489 1006 4562 ratio,

658 4574 740 4646 Quod
764 4574 880 4632 deitatis
902 4574 978 4633 actio

655 4660 690 4718 In
711 4674 797 4717 carne
820 4659 858 4716 sit
879 4659 992 4717 locatio.
