3409 5384
759 527 996 591 -372-

493 701 606 775 Lingua
627 699 747 774 peritos,
771 700 830 758 vita
852 699 1001 777 malignos,

491 788 567 861 Quos
589 790 680 846 totum
703 786 798 843 mittet
819 786 849 843 in
871 784 1017 843 mundum.

577 874 615 944 R.
641 878 715 957 Heu,
739 878 847 954 miseri,

641 964 716 1039 Heu,
739 964 851 1023 miseri!

640 1051 725 1124 Quid,
749 1050 842 1125 homo,
865 1050 994 1122 ineptam

643 1135 777 1209 Sequeris
800 1133 963 1193 laetitiam?

420 1276 469 1340 10.
493 1270 654 1338 Kuractere
675 1271 797 1331 nominis
819 1272 863 1329 sui
886 1268 1005 1330 nefandi

493 1359 632 1420 Homines
654 1357 734 1417 iubet
755 1356 896 1430 insigniri,

494 1445 614 1527 Dividat
635 1442 769 1517 pmprios
792 1436 810 1475 *
834 1448 866 1501 ut
887 1458 905 1500 a
927 1447 1010 1501 coetu
1031 1449 1213 1516 sanctorum3

581 1530 638 1589 Hic
659 1544 740 1587 arma
761 1534 853 1587 sumet

583 1615 690 1675 Contra
711 1614 827 1686 beatos;

582 1700 697 1759 Nerone
719 1699 840 1767 saevior,

581 1786 672 1845 Decio
694 1786 820 1843 atrocior

496 1870 635 1932 Flammis
657 1876 686 1928 et
708 1868 796 1943 ferro,
819 1868 920 1927 bestiis
943 1875 1038 1929 terrae

497 1958 628 2033 Corpora
649 1957 748 2015 tradet
769 1955 929 2015 beatorum.

581 2045 619 2112 R.
646 2050 721 2120 Heu,
743 2048 851 2123 miseri,

646 2138 721 2209 Heu,
743 2133 859 2194 miseri!

647 2221 730 2296 Quid,
753 2220 846 2293 homo,
870 2219 997 2291 ineptam

645 2304 779 2378 Sequeris
802 2303 968 2368 laetitiam?

421 2448 471 2510 11.
494 2439 621 2507 Laureae
642 2446 757 2500 sumunt
778 2446 921 2515 martyres
944 2441 1052 2502 Christi

495 2528 582 2589 Fidei
603 2527 691 2586 armis
714 2526 882 2603 praecincti,

496 2615 646 2687 Respuunt
668 2613 800 2689 honores,
825 2605 842 2642 *
867 2616 1049 2669 contemnunt
1073 2612 1225 2692 cruciatus,

583 2698 645 2757 Nec
667 2696 872 2757 blandimentis

583 2786 704 2843 Pectora
726 2784 873 2853 molliunt;

585 2868 750 2927 Terminum
772 2868 911 2926 ecclesiae

585 2954 801 3014 Consecrabunt
825 2952 972 3025 sunguine,

498 3040 539 3101 Ut
561 3040 640 3098 velut
662 3038 835 3112 principium
859 3038 897 3094 sit
917 3036 983 3096 finis
1004 3055 1117 3112 quoque

499 3124 593 3188 Simili
614 3125 732 3183 radians
755 3122 877 3195 fulgore.

583 3205 621 3273 R.
649 3210 672 3269 0
695 3226 779 3282 quam
803 3208 890 3283 beati,

647 3295 702 3366 Qui
724 3294 850 3352 nondum
873 3293 934 3351 nati

649 3380 710 3438 lam
734 3380 810 3437 cives
833 3384 970 3437 aeternae

650 3464 760 3538 Scripti
781 3464 850 3522 estis
873 3465 1002 3537 patriae!

428 3607 477 3670 12.
500 3596 638 3677 Magnum
660 3601 836 3674 praesidium
859 3601 966 3659 sanctis
988 3601 1048 3659 suis

504 3688 635 3749 Christus
657 3686 751 3745 mittet
773 3705 790 3745 a
812 3685 929 3744 sedibus
951 3686 1044 3761 almis,

502 3773 597 3834 Etiam
621 3778 650 3830 et
671 3771 800 3846 Henoch,
825 3765 843 3803 *
868 3771 1044 3831 candelabra
1065 3772 1201 3846 lucentia,

586 3858 709 3931 Magnos
731 3870 898 3931 praecones,
1009 3847 1015 3860 ‘

589 3944 690 4001 Testes
712 3942 868 4001 mirabiles

589 4028 627 4088 Hi
651 4027 760 4086 dabunt
783 4026 927 4101 prodigia,

589 4112 677 4186 Signa
698 4121 728 4171 et
748 4118 899 4186 portenta3

504 4196 714 4260 Consortabunt
736 4198 875 4270 trepidos,
899 4202 1067 4256 convertent
1088 4194 1220 4269 Iudaeos,

503 4282 683 4345 Antichristo
707 4283 914 4341 contradicent.

589 4362 627 4429 R.
655 4368 678 4427 0
701 4385 785 4441 quam
808 4367 894 4443 beati,

653 4453 702 4511 Ad
725 4453 779 4511 hoc
800 4452 974 4531 praeparati,

653 4540 679 4596 A
703 4544 779 4596 metu
802 4539 897 4597 earnis

655 4625 771 4682 Ponitus
794 4623 895 4683 alieni!
