3409 5384
757 498 988 561 —204—

284 668 463 717 anrreaerant
480 665 588 730 (antem)
604 663 716 731 qnidam
734 665 766 718 de
784 679 933 734 spnapopa,
951 679 1019 731 qnae
1037 665 1195 730 appellatur
1213 664 1439 719 Libertinormm
1462 668 1491 718 et

351 732 545 811 Cyrenensium
563 739 586 786 et
598 733 854 787 Alexandrinorum
872 738 896 787 et
914 748 1016 795 eornm,
1034 734 1080 799 qni
1098 739 1178 786 erant
1195 749 1212 786 a
1227 731 1326 788 Cilicia
1347 739 1374 787 et
1387 734 1489 796 Asia,

352 801 522 869 dispntantea
541 818 603 854 enni
621 800 765 868 Stephano,

592 893 622 950 4.
647 892 701 963 Qui
724 891 753 949 in
776 894 857 950 vultu
879 893 1009 964 angelico

640 977 733 1035 Fonte
755 978 883 1049 repletus
905 978 1026 1051 mystico

639 1064 681 1124 Ut
702 1061 772 1120 tuba
795 1069 879 1120 sonat
901 1063 1027 1138 ductilis,

640 1148 819 1207 caelestibus
843 1148 963 1220 eloquiis

640 1233 750 1292 Horum
774 1233 913 1291 damnans
936 1232 1086 1306 perfidiam

642 1317 680 1375 m
703 1318 811 1377 Christi
834 1336 955 1376 narrans
978 1319 1117 1392 gloriam3

285 1399 310 1449 et
327 1411 385 1448 non
396 1401 528 1464 poterant
545 1398 668 1450 resistere
686 1399 836 1466 sapientiae
854 1405 878 1451 et
896 1399 1015 1464 spiritui,
1030 1399 1079 1466 qni
1096 1397 1270 1465 tonnebatar5

592 1493 621 1549 5.
645 1488 718 1560 Quia
740 1495 802 1547 erat
826 1489 963 1547 divinitus

642 1574 787 1646 Organum
810 1576 903 1632 saneti
925 1575 1054 1646 spiritua.

282 1650 432 1706 Andientes
449 1658 538 1706 antem
555 1653 621 1706 haee
639 1652 847 1707 dissecabantur
865 1654 991 1708 eordibns
1009 1656 1069 1707 sais
1087 1659 1112 1708 et
1125 1652 1277 1708 stridebant
1295 1654 1432 1709 dentibus
1445 1657 1482 1708 in

350 1735 416 1773 enm.

593 1815 621 1873 6.
645 1813 668 1873 0
692 1814 799 1872 Iudaea
822 1830 891 1886 gens
913 1813 1011 1888 impia,

643 1897 763 1969 Semper
784 1899 876 1957 livore
898 1899 995 1956 saucia

641 1984 728 2054 Quasi
751 1984 837 2042 Cain!
861 1985 901 2042 At
924 1983 1032 2056 placita

640 2068 703 2126 Deo
726 2071 801 2141 patri
823 2069 971 2145 libamina,

644 2154 751 2214 Christi
775 2170 877 2211 ornore
901 2154 1001 2212 debria

641 2238 779 2310 Stephani
803 2241 866 2297 sitis
890 2241 1025 2297 vulnera!

289 2316 357 2370 Onm
375 2324 463 2371 antem
481 2323 547 2371 esset
558 2317 712 2438 Stephanus
721 2319 822 2385 plenas
843 2321 945 2385 spirita
957 2324 1060 2383 saneto,
1078 2317 1219 2372 intendens
1232 2317 1263 2369 in
1276 2318 1386 2371 caeram
1399 2318 1480 2372 vidit

350 2387 467 2456 pioriam
485 2385 539 2440 Dei
556 2392 580 2442 et
615 2403 690 2440 esnm
708 2392 824 2440 stantem
841 2404 860 2440 a
878 2387 980 2439 deatris
998 2387 1052 2439 Dei
1068 2392 1093 2439 et
1110 2387 1162 2438 ait:
1181 2385 1258 2449 Eece,
1277 2385 1354 2439 video
1376 2388 1479 2442 caelos

351 2459 459 2522 apertos
478 2460 501 2508 et
519 2456 606 2512 tiliam
625 2456 744 2508 hominis
762 2461 877 2509 stantem
894 2473 913 2507 a
930 2456 1032 2508 destris
1050 2455 1161 2508 rietatis
1179 2453 1241 2518 Dei,

593 2548 621 2607 7.
645 2547 751 2604 Natum
774 2563 858 2604 saera
881 2548 918 2603 de
940 2547 1060 2619 virgine,

641 2633 730 2703 Quem
754 2649 804 2688 vos
827 2632 953 2704 negastis
975 2632 1079 2706 impie3

641 2718 727 2775 Astat
749 2718 818 2773 mihi
841 2717 988 2789 praesidio

641 2802 685 2860 De
707 2803 809 2861 summi
830 2803 922 2874 patris
945 2802 1028 2874 soliO,

641 2887 682 2947 Ut
704 2904 820 2945 securus
845 2888 881 2945 de
903 2888 1031 2958 praemio

641 2972 705 3030 Non
730 2974 829 3030 cedam
851 2974 881 3029 in
904 2972 1054 3044 supplicio.

283 3046 489 3171 Exclamantest
498 3055 587 3130 antem
604 3068 664 3105 ooee
676 3069 776 3120 mapna
788 3053 981 3106 continuerant
993 3068 1074 3106 ames
1089 3068 1157 3105 snas
1170 3055 1193 3104 et
1204 3051 1332 3118 impetam
1345 3051 1475 3117 fecerant

351 3133 476 3171 mmmmm
490 3135 518 3172 er
535 3137 567 3172 on
585 3136 652 3185 enm,

592 3211 620 3271 8.
643 3211 688 3269 Ne
710 3212 810 3269 summi
833 3211 926 3283 patris
948 3211 1068 3283 gloriam

641 3297 829 3369 Peroiperent
849 3304 878 3352 et
900 3297 1031 3372 gratiam,

640 3381 695 3453 Qui
717 3388 793 3440 astat
814 3382 844 3438 in
867 3381 1013 3454 praesidio

640 3467 697 3525 Hie
718 3468 747 3525 in
770 3468 920 3524 tormentis
941 3469 1044 3538 posito.

283 3540 323 3595 Et
339 3544 460 3598 eicientes
478 3562 538 3599 ema
555 3551 632 3599 entra
651 3547 784 3600 civitatem
802 3546 965 3612 lapidabant
983 3551 1007 3599 et
1020 3551 1097 3599 testes
1111 3545 1294 3613 deposnerrmt
1307 3540 1470 3596 vestimenta

352 3628 404 3665 sna
422 3629 499 3668 seona
513 3615 596 3681 pedes
615 3615 803 3678 adnleseentia,
823 3614 873 3682 qni
886 3615 1034 3668 vocabatur
1052 3614 1164 3678 Sanina,

590 3709 618 3765 9.
642 3707 740 3778 Lupus
764 3722 855 3778 rapax
879 3711 909 3761 et
930 3721 1116 3778 persequens,

642 3791 699 3849 Sed
721 3798 788 3863 post
812 3786 906 3870 [haee]
932 3807 1021 3862 agnus
1043 3792 1190 3862 innocens,

641 3877 728 3934 Mane
751 3876 888 3949 praedam
913 3876 1061 3954 diripiens,

644 3961 742 4033 Spolia
764 3978 828 4020 sero
853 3960 996 4020 dividens.

284 4036 325 4090 Et
342 4037 504 4160 dapidegbant
522 4038 691 4106 Stephanum
713 4042 884 4095 invocantem
905 4046 930 4092 et
948 4039 1089 4094 dicentem:
1114 4038 1233 4092 Domine
1250 4035 1328 4102 Iesn,
1353 4037 1469 4103 snsmpe

353 4121 423 4172 speri
434 4123 481 4160 nm
497 4123 591 4172 meam,

573 4199 622 4258 10.
646 4197 794 4256 Sitientem
817 4203 846 4256 te
870 4214 988 4256 eernere

641 4284 680 4340 Et
701 4290 795 4341 terum
818 4299 932 4355 semper
953 4283 1060 4358 vivere,

642 4369 696 4439 Qui
717 4374 880 4426 sanatorum
901 4385 931 4425 es
954 4369 1054 4443 gloria,

643 4453 724 4526 Spes,
747 4454 824 4511 salus
848 4461 877 4511 et
898 4454 1027 4512 viatoria.

285 4531 388 4587 Positis
407 4538 495 4586 antem
511 4532 626 4600 penibns
644 4533 770 4586 etamanit
788 4532 891 4587 dicens:
912 4532 1040 4597 Domine,
1058 4549 1091 4584 ne
1108 4536 1216 4585 stateras
1233 4530 1289 4583 ritis
1307 4531 1359 4584 hoe
1368 4548 1473 4599 pecea-

353 4607 416 4654 tnm.
457 4599 495 4652 Et
514 4617 573 4654 anm
589 4601 639 4653 hoe
656 4600 779 4666 dirimet,
798 4601 959 4654 obdormivit
976 4602 1007 4653 in
1024 4601 1154 4653 Domino.
