3409 5384
682 514 914 577 -141-

366 690 394 749 2,
418 685 466 744 Ad
491 686 704 758 disponendum
727 694 846 744 naturae
869 688 898 743 in
921 687 1036 744 saecula
1058 693 1167 748 motum

484 771 606 832 potentes
624 767 729 829 virtute,
749 767 798 833 qui
815 768 909 833 facilia
926 767 1034 820 verbum
1051 767 1109 819 eius

366 844 395 902 3.
421 840 479 899 Sub
503 843 575 898 duce
598 840 759 916 magnifico,
784 841 856 899 caeli
879 840 1023 898 Michaele
1045 840 1179 901 ierarcho

487 920 524 971 oui
541 919 710 974 audiendum
728 935 816 974 uocem
834 935 987 974 sermonum
1003 921 1071 975 eius.

279 1017 363 1082 Trop.
386 1033 433 1066 ms.
451 1019 637 1068 wintonienee
661 1033 729 1068 saec.
750 1015 790 1068 10.
816 1035 856 1068 ex.
893 1018 956 1069 Ood.
974 1019 1102 1068 Oxonien.
1137 1017 1213 1068 Bodl.
1233 1013 1289 1066 775.
1308 1016 1338 1067 Α.
1357 1042 1392 1049 -

205 1086 291 1149 Trop.
321 1101 370 1134 ms.
394 1087 579 1136 wintonienses
607 1101 675 1136 saec.
701 1083 741 1136 11.
766 1087 829 1137 (lod.
856 1087 922 1137 Coll.
948 1086 1024 1151 Corp.
1049 1084 1088 1136 X¹
1109 1087 1307 1150 cantabrigien.
1330 1080 1390 1134 473.

205 1154 237 1203 Β.
262 1181 297 1190 -
320 1155 401 1218 Trop.
429 1171 475 1203 ms.
500 1155 757 1220 Sammaglorianum
782 1171 849 1206 saec.
877 1153 915 1204 12.
957 1156 1020 1206 Cod.
1044 1156 1159 1205 Parisin.
1184 1150 1280 1203 13252.
1304 1153 1333 1203 O.
1356 1177 1391 1186 —

204 1211 380 1273 iibersohria
397 1223 425 1272 in
443 1223 501 1272 AB:
522 1225 603 1287 „Item
621 1223 724 1288 pulchri
742 1221 836 1288 tropi.“

583 1415 647 1472 322.
676 1417 711 1470 In
730 1415 829 1473 sancti
848 1416 1018 1473 Michaelis.

364 1534 393 1592 1.
418 1531 472 1603 Qui
492 1533 584 1604 patris
606 1533 635 1590 in
659 1534 738 1592 caelo
761 1535 851 1590 nostis
874 1549 1046 1606 cognoscere
1069 1534 1187 1607 vultum,

487 1611 641 1666 Benedioiie
658 1611 817 1676 Dominum,
836 1628 928 1666 omnies
945 1614 1037 1681 ampeli
1053 1613 1120 1678 eius,

366 1689 396 1746 2.
418 1687 478 1744 Ter
499 1686 592 1743 trinus
615 1686 696 1756 ordo,
720 1687 811 1744 Deum
833 1688 986 1745 laudantes
1009 1703 1077 1745 voce
1100 1688 1228 1760 perenni,

483 1770 604 1833 potentes
622 1768 726 1832 virtute,
746 1767 793 1833 oui
811 1768 906 1834 facitis
923 1768 1034 1820 uerbum
1051 1769 1118 1831 eins,

366 1841 395 1900 3.
420 1840 525 1899 Sancto
547 1839 694 1898 {innuentes
717 1848 880 1899 sanctornm
902 1849 1034 1899 neumate
1056 1847 1164 1899 mentes

486 1919 523 1972 oei
541 1920 705 1973 audiendam
725 1935 813 1973 nocem
832 1937 983 1974 sermonum
1001 1921 1066 1973 eiua.

278 2016 360 2080 Trop.
383 2031 430 2065 ms.
457 2017 656 2066 Nonantulense
681 2033 749 2067 saec.
772 2015 810 2066 11.
835 2020 871 2067 in.
908 2019 971 2068 Cod.
989 2021 1098 2068 Roman.
1118 2020 1182 2067 Vitt
1201 2019 1295 2067 Eman.
1316 2012 1390 2066 1343.

201 2080 491 2146 (8818016211..-
511 2086 589 2149 Trop.
615 2101 661 2135 me.
681 2087 880 2136 Nonantulense
902 2102 971 2136 saec.
992 2085 1030 2136 11.
1066 2087 1129 2137 Cod.
1148 2088 1294 2136 Bononien.
1312 2080 1388 2135 2824.

202 2154 236 2202 Β.
263 2177 298 2186 -
323 2153 404 2215 Trop.
431 2168 478 2202 ms.
506 2154 706 2204 Nonantulenee
732 2170 801 2205 saec.
831 2151 870 2204 11.
911 2155 974 2206 Cod.
1001 2157 1111 2206 Roman.
1139 2154 1295 2206 cesenaten.
1321 2150 1387 2204 1741

201 2217 237 2281 (C
263 2221 303 2269 IV
328 2216 361 2282 2).
386 2221 415 2270 C.
440 2247 472 2256 -
497 2222 576 2285 Trop.
601 2238 648 2271 ms.
674 2222 699 2272 S.
725 2223 863 2273 Benedicti
886 2225 1026 2273 Mantuani
1051 2239 1120 2275 saec.
1145 2221 1185 2274 11.
1220 2222 1389 2286 concapit

202 2288 342 2339 Veronam
362 2289 436 2339 CVII
452 2285 529 2353 (100).
548 2290 581 2339 D.
599 2317 633 2324 —
653 2288 666 2339 1
685 2293 765 2341 caelis
784 2292 823 2352 D;
842 2293 940 2341 nostris
956 2291 998 2354 (st.
1017 2295 1110 2355 nostis)
1121 2293 1152 2341 A.
1170 2319 1205 2326 -
1220 2288 1286 2340 2Τθ
1304 2291 1391 2340 trinus

202 2357 265 2406 ΑΒ.
287 2382 317 2390 -
335 2352 363 2406 3·
378 2357 490 2407 Sanctae
515 2357 549 2423 A3
574 2357 694 2408 firmante
719 2361 754 2420 B;
778 2376 875 2409 neuma
898 2365 1022 2410 canentes
1046 2363 1079 2410 D.
1097 2362 1181 2410 —In
1199 2360 1267 2410 Aac
1290 2359 1327 2407 ist
1343 2357 1391 2408 der

201 2425 315 2490 'Propus
333 2424 366 2474 de
385 2441 419 2474 ss.
438 2427 555 2492 Angelis.

581 2559 644 2615 323.
675 2559 711 2613 In
729 2558 829 2615 sancti
849 2559 1020 2617 Michaelia

411 2677 440 2735 1.
464 2674 547 2733 Cives
571 2675 719 2749 caelestes,
744 2676 867 2735 Domino
890 2677 1045 2749 persolvite
1067 2677 1178 2750 landes,

521 2753 681 2809 Benedictio
698 2754 856 2821 Dominum,
874 2772 966 2810 omnes
984 2757 1074 2825 ampeli
1092 2758 1160 2820 eius,

515 2828 640 2889 pomntes
658 2824 764 2888 uirtute,
783 2825 833 2892 qui
850 2826 946 2893 facitis
963 2825 1071 2878 omium
1088 2825 1154 2888 eius,

410 2899 439 2956 2.
464 2896 606 2956 cordibus
630 2913 665 2954 ex
689 2899 794 2956 nostris
819 2900 914 2957 hostes
939 2900 1075 2971 depellite
1097 2914 1198 2956 saevos

520 2976 557 3029 cd
576 2975 740 3030 cudendum
758 2993 847 3032 uocem
865 2995 1018 3032 sermonum
1035 2981 1101 3032 eiua

198 3074 427 3194 2dllfrlcipiemo.
449 3074 678 3124 Heidenhcmense
697 3090 765 3125 saec.
786 3072 825 3125 il.
864 3077 926 3127 Coti.
945 3076 1075 3126 Oxonien.
1110 3071 1394 3154 1111191127.-

261 3157 275 3192 e
296 3157 312 3192 e
334 3159 343 3190 1
371 3178 378 3190 .

606 3257 670 3313 324.
698 3259 732 3313 ln
751 3260 851 3314 sancti
870 3260 1001 3315 Nicolai.
1101 3222 1105 3227 .

288 3373 318 3434 1.
342 3373 424 3446 spes,
449 3375 505 3443 via,
529 3391 595 3450 pax,
621 3373 720 3436 lenior
742 3376 890 3447 iustorum,
914 3377 971 3452 lux,
998 3377 1094 3447 decus,
1118 3380 1220 3438 auctor

340 3459 413 3517 Esse
435 3474 562 3531 perenne
585 3474 637 3520 suo
661 3467 726 3532 post
748 3461 835 3519 labile
859 3461 930 3519 dans
952 3460 1073 3520 Nicolao

401 3536 505 3592 Statuit
521 3539 546 3592 ei
563 3537 711 3601 Dominae,

290 3615 321 3674 2.
344 3613 498 3672 Procinctu
521 3609 592 3673 belli
616 3629 697 3685 quem
720 3614 801 3688 iuvit,
823 3621 888 3686 post
910 3613 992 3670 dedit
1012 3609 1058 3673 illi

401 3696 587 3746 testamentum
601 3693 690 3760 pacis,
723 3708 726 3713 ·

288 3767 319 3827 3.
342 3765 408 3824 Non
430 3767 559 3838 seqnitur
582 3784 665 3839 quam
689 3782 778 3839 mors,
802 3782 875 3837 quae
896 3765 962 3824 finis
983 3773 1132 3838 permanet
1154 3781 1263 3845 exsors,

400 3849 424 3897 et
437 3847 591 3915 prinoipem
609 3849 673 3912 fecit
689 3864 749 3902 eum

287 3919 319 3978 4.
342 3920 412 3978 Iura
433 3917 589 3982 relaxandi
612 3938 701 3979 noxas
725 3920 780 3978 sihi
803 3919 931 3992 dansque
953 3915 1075 3993 ligandi,

401 4004 433 4052 ut
450 4001 486 4052 sit
502 4000 546 4053 ilii
563 4000 709 4054 sacerdotii
726 4001 856 4069 dipaituo,

288 4075 319 4132 5.
343 4073 422 4144 Ques
445 4090 501 4130 non
524 4071 677 4134 marcescit
699 4075 750 4132 sed
773 4074 832 4147 iugi
854 4073 918 4130 luce
941 4067 1058 4134 nitescit

401 4153 434 4204 im
453 4159 600 4207 ammaum.

401 4224 446 4272 Pe.
464 4220 674 4275 Misericordiae
693 4220 811 4274 Domini
826 4222 858 4273 ia
875 4226 1014 4274 oeternum
1032 4223 1157 4288 cantabo,

287 4296 317 4354 6.
341 4294 396 4366 Qui
419 4295 514 4351 caelos
535 4294 623 4356 hodie
647 4295 797 4352 Nicolaum
821 4293 890 4352 lecit
911 4296 1002 4355 adiro.

401 4369 498 4427 Gloria
511 4375 592 4440 patri
609 4379 634 4426 et
651 4375 709 4441 filio
727 4381 751 4427 et
769 4375 882 4441 spiritui
900 4380 1004 4438 sancto,

285 4449 316 4508 7.
339 4446 415 4504 Esse
438 4446 537 4505 subest
558 4463 648 4508 unum
672 4449 744 4519 quis,
769 4465 823 4521 par
845 4449 932 4506 decos
954 4449 1025 4505 assit
1046 4448 1076 4504 in
1098 4463 1212 4521 aevum,

401 4527 471 4579 siout
488 4532 547 4580 etot
563 4528 595 4580 io
609 4527 752 4594 principio
770 4533 795 4581 et
812 4544 886 4581 aomo
903 4532 927 4580 et
944 4541 1046 4594 semper
1063 4532 1109 4579 eto.

273 4625 359 4688 Trop.
378 4637 427 4673 ms.
446 4623 620 4690 Sangallense
637 4640 707 4675 saec.
726 4624 766 4675 ll.
802 4626 866 4676 Coti.
885 4624 1038 4690 Sangallen.
1057 4620 1115 4675 380.
1134 4625 1192 4675 add.
1210 4640 1278 4674 saec.
1299 4619 1338 4672 12.
