3409 5384
807 489 1018 552 ...50-

327 663 381 721 ta
413 661 502 733 Quem
523 660 600 735 magi
621 661 707 720 hodie
940 661 996 723 ab.
1025 659 1150 720 Naturae
1172 661 1313 735 limpheas

410 746 575 806 muneribus
596 747 737 805 honorant
951 761 953 764 ·
1023 746 1109 805 hodie
1131 746 1252 805 mutavit
1271 746 1302 805 in

410 837 438 890 et
459 839 491 890 ut
512 847 608 906 regem
629 846 784 904 supernum
1023 830 1198 904 soporiferas
1219 831 1336 892 haustus

409 917 542 991 adorant,
564 917 614 990 qui
635 922 680 975 eet
1022 932 1076 989 per
1096 915 1293 992 praestolans

461 996 616 1050 dominator
633 996 786 1062 Dorotheum
1072 1001 1097 1051 et
1113 1012 1224 1066 repamn
1240 997 1272 1049 ia
1288 1012 1375 1050 meaa
1392 998 1452 1052 ctae

599 1103 623 1150 et
636 1102 759 1166 potestas
777 1103 801 1152 et
816 1099 961 1167 imperium

598 1170 656 1222 Pa:
674 1165 763 1234 Deos,
780 1165 914 1221 iudicium
931 1173 1010 1220 taam
1027 1167 1084 1236 topi
1101 1165 1138 1220 do
1155 1171 1200 1222 cto.

326 1293 378 1350 3a.
409 1291 444 1350 In
466 1291 591 1352 Iordane
612 1310 630 1351 a
652 1292 779 1352 Iohanne
939 1291 996 1359 ab,
1024 1292 1119 1352 Hodie
1141 1291 1289 1351 descendit
1313 1292 1445 1352 Christus

409 1375 571 1453 baptizatus
1023 1378 1053 1436 in
1076 1375 1267 1454 Iordane[m],

409 1467 530 1534 paterna
552 1478 622 1521 voce
1022 1462 1064 1522 ihi
1087 1469 1226 1536 expurgat

409 1544 485 1604 filius
506 1549 598 1620 patris
1023 1553 1122 1607 nostra
1144 1546 1288 1624 facinora3

409 1637 454 1689 est
474 1631 560 1691 hodie
580 1634 776 1710 adclamatus3
1023 1634 1085 1692 Deo
1107 1634 1214 1708 gratias
1238 1633 1341 1692 dicite:

460 1711 538 1776 Ecce,
556 1712 664 1767 odoarii
682 1713 837 1767 dominator
851 1740 886 1750 -
1074 1717 1134 1778 Eia,
1147 1711 1245 1767 diora
1257 1713 1337 1780 patri
1354 1717 1378 1766 et
1394 1713 1451 1782 titio
1468 1742 1505 1765 -2

455 1786 579 1847 pateatne
595 1787 620 1835 et
636 1782 787 1849 imperium.
1074 1781 1184 1836 enecato
1195 1781 1372 1835 enecatorum.
1401 1781 1503 1836 Amen.

391 1888 470 1950 Trop.
491 1902 539 1936 ms.
556 1887 743 1938 Novalicieuae
761 1901 828 1936 saec.
848 1883 889 1937 ll.
917 1887 980 1938 (lod.
999 1890 1128 1939 Oxonien.
1145 1888 1237 1937 Douce
1255 1883 1313 1937 222.
1328 1888 1359 1936 Α.
1372 1915 1406 1924 -
1418 1887 1502 1954 Trop.

323 1970 370 2004 ms.
387 1953 556 2019 laticense(?)
572 1971 641 2006 saec.
660 1952 700 2005 12.
719 1971 759 2004 ex.
786 1955 849 2006 (lod.
868 1956 996 2006 Oxonien.
1014 1958 1091 2007 Misc.
1108 1956 1147 2006 lit
1166 1951 1226 2006 341.
1244 1957 1274 2006 Β.
1286 1981 1320 1990 -
1340 1953 1363 2016 1,
1381 1954 1397 2006 2
1415 1957 1503 2007 tribus

323 2027 416 2073 ornata
432 2024 464 2073 B.
481 2049 516 2058 —
533 2020 571 2073 2a
593 2024 659 2074 fehlt
676 2025 706 2074 B.
723 2050 758 2059 -
775 2019 831 2084 ib,
856 2020 874 2073 4
896 2029 1039 2090 potestates
1057 2026 1089 2075 Β.
1106 2051 1139 2060 -
1158 2021 1194 2075 2h
1216 2023 1270 2073 und
1287 2019 1326 2074 Sa
1349 2026 1506 2090 umgestellt

323 2094 351 2140 B.
371 2117 404 2126 -
421 2088 474 2151 ta,
499 2088 516 2140 2
533 2093 668 2157 baptizato
686 2092 718 2141 A.
735 2115 770 2126 —
785 2086 839 2152 32,
858 2089 875 2141 4
893 2105 931 2158 sq.
950 2093 1029 2144 hodie
1045 2092 1116 2143 filius
1135 2110 1159 2158 p.
1178 2097 1219 2145 est
1235 2091 1398 2146 adclamatus
1416 2094 1447 2144 B.
1466 2121 1503 2130 —

323 2157 357 2210 3b
375 2158 442 2210 fehlt
458 2161 489 2209 B.
511 2187 544 2195 -
562 2162 602 2211 Im
619 2161 729 2211 Teate
747 2161 783 2209 ist
797 2160 938 2224 jedenfalls
956 2161 1164 2212 Parallelismue.

686 2343 729 2400 ts,
758 2344 793 2398 In
812 2344 983 2414 Epiphania
1000 2345 1135 2403 Domini.

579 2444 607 2504 1.
629 2454 707 2522 Ecce,
725 2454 833 2508 odoemt
853 2455 1007 2511 dominator

677 2530 857 2599 Mansuetus,
881 2530 1005 2603 humilis,

678 2615 747 2673 Pius
769 2619 854 2688 atque
876 2615 1015 2690 benignus

577 2701 607 2758 2.
629 2709 779 2776 Dominae,

678 2784 731 2844 Cui
753 2786 840 2843 steila
865 2787 938 2844 duce
959 2785 1036 2858 magi

677 2869 849 2929 Detulerunt
871 2872 927 2930 tria
950 2871 1025 2930 dona

678 2955 764 3014 Turis
787 2963 816 3014 et
837 2957 899 3014 auri
922 2962 951 3015 et
973 2973 1096 3018 murrae.

578 3043 607 3100 3.
629 3051 667 3105 Et
684 3066 795 3120 repham
812 3054 844 3106 ia
862 3069 947 3106 morta
966 3053 1032 3116 etas,

678 3123 808 3200 Regnum
830 3127 935 3199 iugiter
958 3129 1121 3201 perdurans

677 3212 773 3284 Atque
793 3228 963 3287 permanens
985 3228 1039 3285 per
1060 3213 1165 3285 saecla,

575 3299 605 3377 4.>
627 3306 669 3359 Et
682 3312 812 3375 potestas,

679 3383 756 3452 Quae
779 3383 899 3451 caelum,
923 3387 1025 3451 terras,
1049 3399 1128 3440 mare

678 3467 795 3527 Creavit
816 3468 1017 3540 hominumque

729 3551 827 3611 Genus
849 3554 981 3628 redemit,

644 3634 649 3647 “
727 3631 766 3685 Et
783 3633 936 3702 imperium.
1005 3665 1006 3669 =

389 3738 467 3801 Trop·
490 3753 537 3786 ms.
556 3737 729 3803 Sangallense
754 3753 822 3788 saec.
843 3735 884 3787 10.
920 3738 983 3789 Cod.
1002 3739 1152 3806 Sangallen.
1170 3735 1232 3790 484.
1250 3742 1280 3790 A.
1299 3767 1322 3774 -
1351 3738 1431 3803 Trop.
1451 3755 1504 3789 ms.

322 3804 493 3870 Sangallense
512 3821 581 3856 saec.
601 3803 640 3856 10.
677 3805 740 3856 Cod.
759 3806 904 3870 sangallen
920 3802 979 3856 378.
997 3807 1027 3856 B.
1044 3833 1080 3842 -
1096 3804 1113 3858 3
1131 3813 1225 3858 cuncta
1244 3809 1331 3858 saecla
1349 3808 1404 3857 AB.

685 3991 728 4045 m.
756 3990 791 4044 ln
809 3990 979 4060 Epiphanla
996 3991 1128 4048 Itomlnl.

420 4108 448 4168 1.
471 4107 559 4177 Quem
582 4106 685 4164 chorus
707 4108 855 4181 angelicus
879 4107 1164 4181 patriarcharumque
1186 4114 1304 4169 senatus

474 4191 593 4263 Voxque
614 4192 823 4264 prophetarum
846 4193 1012 4250 cecinerunt
1034 4209 1096 4251 esse
1119 4191 1257 4265 futurum,

541 4269 618 4335 Ecce,
636 4269 746 4325 edocati
763 4272 919 4326 dominator
936 4272 1083 4338 Dominae,

417 4346 447 4402 2.
470 4345 570 4416 Agnus
594 4345 630 4402 ab
653 4361 719 4403 arce
743 4342 804 4418 poli
827 4353 975 4418 peccatum
998 4347 1101 4406 tollere
1122 4343 1233 4418 mundi,

540 4422 707 4492 Etrephaea
726 4427 758 4478 ira
776 4443 863 4479 morta
880 4427 938 4479 otae
956 4431 981 4480 et
996 4431 1119 4494 potestas
1135 4430 1160 4479 et
1177 4427 1328 4495 imperium.

388 4528 468 4593 Trop.
491 4544 540 4578 ms.
564 4529 698 4594 Augiense
716 4545 785 4580 saec.
809 4527 848 4580 10.
885 4530 946 4582 Cod.
967 4532 1137 4596 Bamhergeu.
1154 4531 1204 4582 Ed.
1223 4533 1247 4582 V
1272 4529 1296 4582 9.
1314 4557 1349 4566 -
1367 4533 1435 4582 Dort
1459 4531 1500 4582 als

321 4597 381 4655 „Ad
399 4597 629 4661 Repetendnm
647 4598 714 4648 nach
733 4598 791 4648 dem
809 4600 980 4664 prosaisohen
996 4600 1099 4665 'I'ropus
1117 4601 1310 4665 „Ecclesiae
1328 4596 1501 4666 sponsus“.
