3409 5384
1570 511 2037 573 —312—

1280 692 1404 750 612.
1460 693 1530 748 In
1567 693 1796 762 vigilia.
1831 695 2190 752 Nativitatis
2226 697 2303 752 Ι).

1505 822 1557 880 1.
1608 820 1996 893 praeparavit

625 938 731 995 2a.
792 940 1079 994 Aeternus
1125 945 1181 995 et
1227 938 1473 995 clemens
1854 940 1964 1000 2b.
2021 941 2298 998 Mundum
2345 945 2605 997 tenerent

791 1029 1094 1085 creaturae
2022 1041 2148 1083 cum
2192 1024 2468 1086 tenebrae

789 1105 985 1179 opifex
1015 1119 1019 1123 ·
2022 1118 2078 1168 et
2122 1126 2303 1182 aquae

793 1192 990 1252 orbem
1034 1200 1246 1258 terrae,
2022 1197 2409 1271 indiscretae3

624 1313 729 1372 Ba.
789 1311 1120 1371 Adveniens
1170 1313 1431 1372 districte
1474 1330 1641 1387 quem
1854 1315 1965 1379 3b.
2023 1316 2125 1374 Pie
2173 1317 2438 1389 dignetur
2478 1321 2536 1371 et
2580 1313 2830 1387 benigne

786 1397 1050 1459 iudicare
2021 1401 2275 1463 liberare

1502 1488 1558 1546 4.
1606 1486 1785 1546 Eum.

758 1617 915 1682 Trop.
954 1634 1047 1668 me.
1086 1619 1428 1670 Martialeuse
1464 1623 1588 1670 anni
1628 1617 1881 1672 933—36.
1944 1621 2068 1671 Cod.
2104 1622 2335 1671 Parisin.
2377 1617 2522 1670 1240.
2560 1619 2678 1670 add.
2717 1634 2863 1670 saec.
2905 1614 2986 1668 10.

619 1686 683 1737 A.
734 1712 798 1720 —
847 1685 1006 1750 Trop.
1055 1702 1150 1736 ms.
1200 1689 1578 1739 Moissiacense
1632 1705 1769 1739 saec.
1825 1687 1904 1740 11.
1991 1690 2118 1742 Cod.
2163 1689 2392 1739 Parisin.
2439 1687 2608 1740 No'uV.
2768 1725 2783 1737 .
2836 1683 2988 1738 1871.

620 1755 679 1803 B.
719 1783 783 1790 —
821 1755 979 1820 Trop.
1018 1770 1113 1804 ms.
1150 1758 1478 1808 Nivernense
1516 1773 1650 1807 saec.
1693 1755 1772 1808 12.
1845 1759 1972 1810 Cod.
2010 1760 2238 1809 Parisin.
2275 1759 2446 1809 Νοῦν.
2484 1772 2599 1822 acq.
2640 1753 2704 1806 12
2781 1794 2794 1807 .
2836 1756 2900 1804 C.
2923 1779 2990 1789 —-

621 1819 717 1883 222,
757 1820 783 1873 1
827 1839 889 1872 ac
925 1824 1152 1874 clemens
1192 1827 1249 1874 B.
1274 1850 1341 1859 —
1367 1825 1484 1875 Alle
1512 1826 1775 1891 Strophen
1812 1828 1919 1877 und
1949 1828 2114 1877 Verse
2151 1828 2347 1876 reimeu
2385 1826 2480 1875 auf
2508 1836 2557 1886 e,
2595 1823 2990 1890 entsprechend

621 1891 739 1941 dem
768 1893 1256 1957 „Praeparavit
1294 1905 1401 1945 e-u
1417 1889 1525 1955 m“;
1564 1896 1698 1944 auch
1721 1895 1944 1959 beginnt
1968 1896 2055 1945 die
2078 1896 2409 1958 Tropierung
2431 1897 2528 1944 mit
2555 1890 2897 1957 „E-ternus“.
2922 1917 2990 1928 -

620 1960 685 2008 In
733 1960 825 2010 der
861 1963 958 2010 Hs.
1004 1960 1100 2011 hat
1142 1977 1242 2011 nur
1277 1958 1353 2012 3a
1400 1963 1519 2012 eine
1554 1963 1794 2028 Initiale3
1844 1972 1993 2014 sonst
2038 1967 2109 2013 ist
2156 1963 2289 2013 alles
2337 1963 2653 2013 fortlaufend
2690 1962 2839 2012 ohne
2870 1960 2991 2026 jede

622 2028 915 2094 Abteilung
957 2028 1315 2093 geschrieben.
1390 2031 1497 2080 Der
1543 2033 1750 2096 Tropus
1787 2033 1877 2083 Nr.
1922 2029 2022 2082 613
2069 2034 2201 2082 iiber
2248 2032 2343 2081 das
2390 2030 2594 2097 gleiche
2629 2030 2846 2081 Thema
2899 2045 2992 2080 aus

624 2096 755 2146 Clm.
792 2099 1065 2147 Monacen.
1108 2095 1170 2147 14
1183 2094 1285 2148 322
1329 2100 1443 2164 gibt
1480 2099 1644 2149 durch
1681 2100 1769 2150 die
1805 2101 1923 2150 dort
1959 2103 2364 2168 eingetragenen
2400 2099 2652 2149 Initialen
2695 2101 2825 2150 eine
2863 2101 2993 2149 feste

527 2236 534 2243 ι
627 2165 929 2230 Grundlage
977 2166 1062 2215 fiir
1105 2166 1189 2216 die
1235 2167 1547 2234 Abteilung3
1597 2168 1987 2219 dazu-kommt
2030 2171 2123 2220 der
2169 2171 2335 2220 Reim.
2373 2194 2436 2202 —
2475 2169 2585 2217 Der
2617 2169 2757 2218 Text
2812 2168 2910 2218 des
2947 2164 2993 2216 2.

625 2233 823 2284 Versus
867 2250 983 2284 zum
1033 2234 1366 2286 offertorium
1415 2237 1607 2287 lautet:
1663 2239 1818 2303 Ipse
1864 2254 2064 2303 super
2109 2239 2315 2288 maria
2361 2235 2686 2286 fundavit
2732 2253 2888 2287 eum
2934 2242 2995 2287 et

623 2316 819 2367 super
862 2302 1150 2353 flumina
1188 2303 1659 2368 praeparavit
1708 2318 1897 2356 e-um.

1280 2489 1404 2546 618.
1458 2491 1528 2543 In
1565 2491 1795 2558 vigilia
1829 2489 2302 2550 Nativitatisj).

1509 2619 1563 2676 1.
1612 2616 2004 2688 Praeparavit

634 2734 740 2793 2a.
801 2733 933 2804 Ipse
977 2732 1071 2804 qui
1117 2733 1309 2805 polum
1859 2736 1970 2798 2b.
2025 2738 2243 2808 Quique
2287 2734 2495 2807 omnia,

794 2825 964 2890 atque
1009 2824 1241 2890 pontum
2027 2836 2174 2893 quae
2216 2811 2292 2877 in'
2323 2821 2404 2877 eis

697 2905 700 2908 '
796 2910 1121 2976 terramque
2026 2914 2353 2982 nascuntur,

796 2986 1158 3062 fundaverat,
2026 2993 2326 3062 nutrierat,

629 3108 734 3167 Sa.
798 3108 1188 3180 OmnipotenS‚
1236 3109 1447 3169 exaudi
1859 3111 1974 3172 3b.
2027 3112 2134 3183 Qui
2180 3112 2323 3169 vivis
2370 3116 2428 3167 et
2471 3125 2677 3182 regnas
2720 3111 2786 3168 in

802 3193 931 3266 pius
976 3191 1218 3252 famulos
1262 3203 1408 3271 tuOS,
2031 3206 2323 3254 aeteruum
2371 3202 2427 3252 et
2469 3196 2528 3253 in
2573 3210 2813 3256 aevum.

762 3330 919 3395 Trop.
976 3347 1067 3379 ms.
1124 3330 1547 3380 Emmeramense
1600 3333 1726 3380 anni
1787 3328 2068 3381 1024—36.
2152 3331 2285 3381 Clm.
2341 3331 2614 3379 Monacen.
2675 3328 2739 3380 14
2753 3328 2885 3382 3224
2936 3358 2999 3367 —

629 3394 722 3459 3b,
764 3397 788 3449 1
828 3401 968 3448 vivis
1006 3404 1057 3448 et
1091 3398 1237 3448 fehlt.
1262 3426 1331 3432 ——
1354 3389 1711 3449 Uberschrift:
1753 3400 2129 3464 „Praeparavit
2164 3398 2356 3449 e-um“.
2384 3425 2453 3432 —
2475 3395 2570 3458 211,
2606 3395 2641 3448 4
2677 3400 2792 3449 und
2835 3399 2932 3462 21),
2968 3399 3002 3451 4

628 3468 746 3517 sind
791 3470 845 3516 in
897 3467 989 3517 der
1025 3469 1121 3517 Hs.
1159 3468 1215 3515 in
1251 3467 1530 3532 Capitalen
1566 3468 1932 3533 geschrieben3
1980 3468 2231 3517 Initialen
2267 3467 2374 3516 und
2411 3467 2882 3536 Zeilenbrechung
2916 3472 3001 3522 be·

629 3536 883 3585 zeichnen
920 3535 1172 3586 ebendort
1208 3534 1308 3586 den
1343 3536 1553 3600 Anfang
1589 3536 1681 3586 der
1719 3536 1980 3600 Strophen
2014 3536 2123 3586 und
2157 3533 2606 3601 Gegenstrophen.

1289 3719 1414 3776 614.
1469 3719 1538 3774 In
1576 3721 1804 3788 vigilia
1840 3719 2202 3776 Nativitafls
2239 3721 2316 3776 l).

1515 3849 1567 3906 1.
1615 3846 2005 3919 Praeparavit

642 3968 674 4020 Ε
698 3984 746 4020 ιι,
818 3964 966 4020 [laec
1014 3965 1275 4023 conditor
1318 3965 1454 4022 solis
1860 3966 1973 4028 2b.
2035 3967 2524 4038 Pugnatoremque

806 4060 972 4121 :itque
1017 4050 1187 4108 lunae
2032 4051 2350 4108 debellaret

806 4136 874 4188 nd
923 4135 1075 4191 redi·
2030 4152 2098 4193 ac
2147 4135 2257 4193 sibi

806 4221 1037 4277 mendas
1081 4233 1284 4294 gentes
1602 4274 1605 4276 ,
2030 4221 2422 4281 substerneret

646 4352 674 4392 ,ς
702 4364 746 4396 η,
814 4340 887 4396 Et
929 4339 1147 4397 locaret
1192 4342 1519 4412 redemptos
1867 4341 1979 4401 3b.
2038 4342 2338 4412 vitamque
2382 4344 2708 4412 praestaret

810 4426 1061 4496 pulcrum
1107 4425 1166 4481 in
1211 4439 1347 4486 arce
2040 4419 2350 4504 [omnibus]
2395 4425 2455 4484 iu
2501 4440 2730 4481 aevum.

774 4572 926 4630 'Fron
978 4579 1071 4612 ms,
1118 4562 1495 4613 Moissiacense
1543 4578 1679 4614 saec.
1736 4561 1812 4613 11.
1901 4561 2025 4612 Cod.
2074 4561 2302 4612 Pax-isin.
2351 4560 2522 4609 Nouv.
2567 4571 2684 4623 acq.
2740 4555 2902 4609 1871.
2942 4587 3009 4594 —

638 4636 730 4688 -Ἓει,
781 4640 798 4684 Ι
842 4634 1150 4697 redemptor.
