3409 5384
1395 154 1610 505 *l

774 486 1007 549 -202—

655 662 685 720 4.
709 659 807 719 Sancti
829 659 948 732 spiritus

704 744 815 803 Collata
838 744 894 802 sibi
918 744 1055 803 divinitus

300 823 418 891 faciebat
432 822 564 894 prodigia
581 828 606 876 et
623 823 706 892 signa
723 839 824 894 magna
841 825 874 877 iu
887 825 1003 893 populo,

651 903 680 958 5.
704 895 822 958 Scilicet
841 897 995 964 Hebraico,

702 983 766 1040 Non
790 984 927 1042 credente
949 984 1003 1041 Dei
1024 982 1121 1043 verbo.

301 1061 486 1117 Surrererunt
503 1067 592 1117 autern
611 1061 721 1130 quidun
739 1062 770 1117 cie
788 1079 928 1134 synapopa

652 1140 681 1196 6.
705 1137 833 1209 Agentes
856 1153 1004 1210 perversa,

301 1231 369 1284 quae
386 1215 544 1284 appellatur
563 1213 773 1282 Iibertinorum,

653 1291 681 1352 7.
705 1290 872 1349 Advocatas
895 1289 1093 1363 malignorum,

301 1373 325 1422 et
342 1367 537 1438 Cyrenensium
552 1374 576 1422 et
594 1368 848 1424 Aleaanrtrinorun

652 1445 680 1503 8.
706 1443 921 1502 Consentientes
944 1442 1080 1516 operibus
1103 1458 1210 1513 eoram,

302 1522 349 1589 qui
366 1526 443 1576 erant
462 1539 481 1576 a
498 1521 597 1578 Cilicia
615 1527 639 1576 ct
656 1523 726 1576 Asia

654 1600 682 1657 9.
705 1596 802 1655 Verba
825 1597 953 1654 dicentes
974 1595 1073 1668 impia,

302 1674 472 1743 disputantes
490 1692 550 1731 curn
569 1675 706 1744 Stephano

633 1751 682 1809 10.
706 1750 762 1810 Ore
784 1755 877 1826 torro,
901 1742 919 1780 *
943 1749 1030 1807 corde
1053 1747 1225 1825 furibund03

301 1833 326 1884 et
343 1843 399 1882 non
413 1835 544 1896 poterant
561 1830 685 1884 resistere
702 1830 856 1898 sapientiae
873 1834 896 1882 et
913 1829 1026 1896 spiritui

633 1905 682 1964 11.
705 1906 732 1963 A
755 1909 838 1977 patre
861 1909 890 1960 et
913 1897 931 1934 *
955 1902 1014 1961 filio
1037 1902 1215 1975 procedenti,

303 1983 351 2050 qui
369 1982 535 2050 loquebatur.

633 2058 681 2117 12.
706 2055 825 2114 Monitis
847 2057 1022 2115 salutaribus

703 2140 833 2200 Docebat
855 2156 903 2199 eos
927 2141 1099 2214 Stephanus,

702 2229 743 2287 At
766 2234 934 2285 excaecatus
957 2227 1079 2300 popolus

302 2305 446 2360 audientes
465 2306 530 2360 haee
549 2305 757 2360 dissecabantur
775 2305 902 2360 cordibus
920 2306 980 2359 suis

633 2383 682 2440 13.
705 2380 744 2439 Et
766 2380 835 2438 moti
858 2377 934 2437 fellis
956 2380 1072 2438 turbine

303 2458 454 2514 stridebant
471 2459 596 2513 dentibus
613 2461 644 2513 in
662 2476 730 2525 eum,

634 2535 683 2596 14.
707 2534 750 2591 Eo
772 2535 849 2606 quod
874 2534 982 2593 Christi
1006 2534 1139 2608 dogmata

707 2618 859 2677 Pandebat
880 2635 953 2678 voce
976 2619 1101 2692 publica.

307 2697 374 2752 Cum
392 2703 482 2752 auum
501 2704 567 2753 esset
584 2698 741 2766 Stephanus
753 2699 856 2766 plenus
874 2699 975 2766 spiritu
993 2705 1097 2763 saneta,
1115 2698 1258 2752 inundene
1275 2699 1308 2752 in
1328 2701 1460 2768 eaelum,

634 2776 682 2833 15.
705 2774 767 2846 Quo
787 2770 853 2830 lixis
877 2773 979 2831 mentis
1002 2774 1092 2832 oculis

704 2858 786 2930 lungi
808 2858 948 2930 gliscebat
972 2859 1092 2932 angelis,

302 2936 372 2992 uate
387 2939 504 3006 plotium
524 2937 578 2992 Dei
597 2943 620 2992 et
637 2938 730 2992 Iesum
747 2942 864 2991 stantem
880 2955 899 2991 a
916 2937 1019 2991 electris
1034 2939 1101 3003 Dei3
1117 2942 1142 2990 et
1158 2937 1209 2990 ait:

633 3014 683 3073 16.
706 3012 793 3083 Quem
816 3012 973 3084 occidistis,
997 3013 1103 3086 miseri,

705 3095 843 3160 Nolentes
867 3098 927 3154 eins
949 3096 1021 3170 fieri,

706 3181 746 3240 Ut
767 3182 924 3261 ostendant¹
939 3183 1067 3254 agentius

705 3267 859 3326 Vobiscum
881 3269 976 3325 adhuc
997 3268 1117 3345 positus,

302 3363 371 3415 ecee,
389 3346 466 3401 uideo
485 3347 572 3403 cuens
591 3353 698 3417 apertos
720 3351 743 3399 et
761 3347 846 3415 filium
864 3348 985 3400 hominis
1003 3352 1119 3400 stantem
1136 3363 1154 3400 u
1172 3345 1273 3400 deutris
1291 3347 1404 3402 nautis
1425 3348 1507 3403 Dei.

634 3424 682 3484 17.
707 3423 832 3493 Propter
854 3421 925 3478 haec
947 3422 1111 3479 testimonia

704 3508 799 3566 Corda
822 3504 948 3564 fremunt
971 3506 1099 3577 Iudaica,

703 3593 784 3650 Tunc
806 3607 903 3649 omnes
926 3609 981 3649 aaa

301 3671 483 3792 acclamantets
502 3675 593 3751 autern
610 3687 670 3726 uoce
688 3688 790 3742 inagna
809 3672 1002 3725 continuerunt
1013 3685 1095 3724 aures
1107 3686 1175 3724 suas
1186 3675 1211 3724 et
1221 3670 1351 3737 impeturn
1362 3671 1505 3737 fermus

336 3755 463 3793 nnanmu
476 3755 504 3792 er
520 3756 551 3792 un
568 3754 629 3792 eurn

634 3815 683 3874 18.
707 3813 772 3870 Non
796 3812 922 3872 ferentes
945 3813 1061 3885 diutins,

703 3898 744 3958 Ut
765 3899 931 3971 loqueretar
952 3898 1085 3974 amplias,

304 3983 329 4030 et
348 3977 468 4031 eicientes
487 3993 547 4032 eum
565 3982 642 4031 entra
660 3977 794 4032 ciuitatem
814 3977 989 4046 lapidabant,

633 4052 683 4113 19.
707 4052 795 4122 Quem
818 4053 883 4124 pius
904 4051 1002 4124 Alphe
1024 4051 1154 4124 protinus

705 4135 825 4194 Loeavit
846 4137 875 4194 in
900 4135 1080 4196 caelestibus.

303 4215 436 4338 EtStesioe
454 4214 638 4282 deposuerunt
655 4216 811 4269 uestiueenta
827 4231 881 4268 sua
892 4231 969 4269 secus
980 4215 1059 4282 perles
1072 4214 1259 4277 adulescentie,
1278 4215 1327 4281 qui
1337 4215 1501 4272 uocabatur

359 4299 398 4336 au
408 4298 450 4349 us,

634 4359 684 4417 20.
708 4357 761 4429 Qui
782 4357 866 4416 huius
888 4357 980 4414 sancti
1003 4357 1138 4429 precibus

704 4442 775 4500 Post
797 4442 869 4500 haee
889 4441 1003 4499 iunctos
1026 4439 1160 4500 fidelibus

705 4526 797 4585 Datus
819 4534 865 4584 est
888 4527 988 4585 doctor
1009 4527 1158 4599 gentibus3

304 4612 328 4661 et
349 4605 513 4675 lapidabant
531 4604 701 4674 Stephanum
718 4607 891 4660 inuocantem
907 4612 932 4660 et
948 4606 1090 4659 dicentem:
