<?xml version="1.0" encoding="UTF-8"?>
<!DOCTYPE html PUBLIC "-//W3C//DTD XHTML 1.0 Transitional//EN"
    "http://www.w3.org/TR/xhtml1/DTD/xhtml1-transitional.dtd">
<html xmlns="http://www.w3.org/1999/xhtml" xml:lang="en" lang="en">
 <head>
  <title>
</title>
<meta http-equiv="Content-Type" content="text/html;charset=utf-8" />
  <meta name='ocr-system' content='tesseract 3.04.00' />
  <meta name='ocr-capabilities' content='ocr_page ocr_carea ocr_par ocr_line ocrx_word'/>
</head>
<body>
  <div class='ocr_page' id='page_1' title='image "./tropigradualest00blumgoog_0186.png"; bbox 0 0 3409 5384; ppageno 0'>
   <div class='ocr_carea' id='block_1_1' title="bbox 756 484 988 547">
    <p class='ocr_par' dir='ltr' id='par_1_1' title="bbox 756 484 988 547">
     <span class='ocr_line' id='line_1_1' title="bbox 756 484 988 547; baseline -0.017 2"><span class='ocrx_word' id='word_1_1' title='bbox 756 484 988 547; x_wconf 83' lang='lat'>-180-</span> 
     </span>
    </p>
   </div>
   <div class='ocr_carea' id='block_1_2' title="bbox 646 653 1147 897">
    <p class='ocr_par' dir='ltr' id='par_1_2' title="bbox 646 653 1147 897">
     <span class='ocr_line' id='line_1_2' title="bbox 646 653 1059 730; baseline -0.022 -10"><span class='ocrx_word' id='word_1_2' title='bbox 646 663 674 720; x_wconf 83' lang='lat'>5.</span> <span class='ocrx_word' id='word_1_3' title='bbox 708 658 817 718; x_wconf 89' lang='lat' dir='ltr'>Iudaea</span> <span class='ocrx_word' id='word_1_4' title='bbox 839 657 915 715; x_wconf 90' lang='lat' dir='ltr'>enim</span> <span class='ocrx_word' id='word_1_5' title='bbox 937 653 1059 730; x_wconf 81' lang='lat' dir='ltr'>perfida,</span> 
     </span>
     <span class='ocr_line' id='line_1_3' title="bbox 705 740 1070 811; baseline -0.022 -7"><span class='ocrx_word' id='word_1_6' title='bbox 705 742 836 804; x_wconf 83' lang='lat' dir='ltr'>Peccatis</span> <span class='ocrx_word' id='word_1_7' title='bbox 857 740 1070 811; x_wconf 89' lang='lat' dir='ltr'>obscurissima,</span> 
     </span>
     <span class='ocr_line' id='line_1_4' title="bbox 707 823 1147 897; baseline -0.016 -8"><span class='ocrx_word' id='word_1_8' title='bbox 707 828 870 890; x_wconf 82' lang='lat' dir='ltr'>contemnit</span> <span class='ocrx_word' id='word_1_9' title='bbox 892 827 962 884; x_wconf 87' lang='lat' dir='ltr'>haec</span> <span class='ocrx_word' id='word_1_10' title='bbox 984 823 1147 897; x_wconf 86' lang='lat' dir='ltr'>praesentia</span> 
     </span>
    </p>
   </div>
   <div class='ocr_carea' id='block_1_3' title="bbox 286 910 1285 1068">
    <p class='ocr_par' dir='ltr' id='par_1_3' title="bbox 286 910 1285 1068">
     <span class='ocr_line' id='line_1_5' title="bbox 608 910 1092 987; baseline -0.014 -12"><span class='ocrx_word' id='word_1_11' title='bbox 608 937 616 969; x_wconf 73' lang='lat' dir='ltr'>t</span> <span class='ocrx_word' id='word_1_12' title='bbox 705 914 798 987; x_wconf 84' lang='lat' dir='ltr'>Regni</span> <span class='ocrx_word' id='word_1_13' title='bbox 821 911 953 970; x_wconf 83' lang='lat' dir='ltr'>caelestis</span> <span class='ocrx_word' id='word_1_14' title='bbox 975 910 1092 968; x_wconf 91' lang='lat' dir='ltr'>lumina.</span> 
     </span>
     <span class='ocr_line' id='line_1_6' title="bbox 286 987 1285 1068; baseline -0.017 -14"><span class='ocrx_word' id='word_1_15' title='bbox 286 1001 378 1068; x_wconf 78' lang='lat' dir='ltr'>Super</span> <span class='ocrx_word' id='word_1_16' title='bbox 395 1005 418 1053; x_wconf 85' lang='lat' dir='ltr'>te</span> <span class='ocrx_word' id='word_1_17' title='bbox 437 1002 527 1053; x_wconf 81' lang='lat' dir='ltr'>autem</span> <span class='ocrx_word' id='word_1_18' title='bbox 547 997 649 1053; x_wconf 80' lang='lat' dir='ltr'>orietur</span> <span class='ocrx_word' id='word_1_19' title='bbox 666 994 815 1057; x_wconf 79' lang='lat' dir='ltr'>Dominus,</span> <span class='ocrx_word' id='word_1_20' title='bbox 833 997 857 1046; x_wconf 82' lang='lat' dir='ltr'>et</span> <span class='ocrx_word' id='word_1_21' title='bbox 872 992 960 1060; x_wconf 77' lang='lat' dir='ltr'>gloria</span> <span class='ocrx_word' id='word_1_22' title='bbox 978 990 1037 1043; x_wconf 78' lang='lat' dir='ltr'>eiua</span> <span class='ocrx_word' id='word_1_23' title='bbox 1053 989 1086 1042; x_wconf 79' lang='lat' dir='ltr'>ia</span> <span class='ocrx_word' id='word_1_24' title='bbox 1102 994 1126 1042; x_wconf 86' lang='lat' dir='ltr'>te</span> <span class='ocrx_word' id='word_1_25' title='bbox 1142 987 1285 1047; x_wconf 79' lang='lat' dir='ltr'>videbitur,</span> 
     </span>
    </p>
   </div>
   <div class='ocr_carea' id='block_1_4' title="bbox 286 1073 1354 1734">
    <p class='ocr_par' dir='ltr' id='par_1_4' title="bbox 286 1073 1354 1734">
     <span class='ocr_line' id='line_1_7' title="bbox 645 1073 1050 1145; baseline -0.027 -4"><span class='ocrx_word' id='word_1_26' title='bbox 645 1082 674 1140; x_wconf 87' lang='lat'>6.</span> <span class='ocrx_word' id='word_1_27' title='bbox 710 1077 797 1137; x_wconf 85' lang='lat' dir='ltr'>Cuius</span> <span class='ocrx_word' id='word_1_28' title='bbox 820 1082 900 1133; x_wconf 90' lang='lat' dir='ltr'>ortus</span> <span class='ocrx_word' id='word_1_29' title='bbox 923 1073 1050 1145; x_wconf 82' lang='lat' dir='ltr'>tripudio</span> 
     </span>
     <span class='ocr_line' id='line_1_8' title="bbox 704 1158 1073 1234; baseline -0.022 -13"><span class='ocrx_word' id='word_1_30' title='bbox 704 1162 880 1234; x_wconf 81' lang='lat' dir='ltr'><strong>Angelorum</strong></span> <span class='ocrx_word' id='word_1_31' title='bbox 903 1158 1073 1231; x_wconf 86' lang='lat' dir='ltr'>symphonio</span> 
     </span>
     <span class='ocr_line' id='line_1_9' title="bbox 708 1243 1056 1306; baseline -0.017 0"><span class='ocrx_word' id='word_1_32' title='bbox 708 1246 766 1306; x_wconf 84' lang='lat' dir='ltr'>Sub</span> <span class='ocrx_word' id='word_1_33' title='bbox 789 1245 881 1304; x_wconf 90' lang='lat' dir='ltr'>noctis</span> <span class='ocrx_word' id='word_1_34' title='bbox 903 1243 1056 1302; x_wconf 86' lang='lat' dir='ltr'>conticinio</span> 
     </span>
     <span class='ocr_line' id='line_1_10' title="bbox 710 1325 1137 1403; baseline -0.012 -12"><span class='ocrx_word' id='word_1_35' title='bbox 710 1325 795 1391; x_wconf 81' lang='lat' dir='ltr'>D&#39;ulci</span> <span class='ocrx_word' id='word_1_36' title='bbox 820 1330 999 1403; x_wconf 83' lang='lat' dir='ltr'><strong>deprompsit</strong></span> <span class='ocrx_word' id='word_1_37' title='bbox 1021 1342 1137 1401; x_wconf 86' lang='lat' dir='ltr'>organo.</span> 
     </span>
     <span class='ocr_line' id='line_1_11' title="bbox 286 1403 1354 1484; baseline -0.015 -13"><span class='ocrx_word' id='word_1_38' title='bbox 286 1418 324 1470; x_wconf 78' lang='lat' dir='ltr'>ut</span> <span class='ocrx_word' id='word_1_39' title='bbox 343 1417 521 1470; x_wconf 80' lang='lat' dir='ltr'>crabulabunt</span> <span class='ocrx_word' id='word_1_40' title='bbox 537 1419 626 1484; x_wconf 77' lang='lat' dir='ltr'>gentes</span> <span class='ocrx_word' id='word_1_41' title='bbox 644 1413 675 1466; x_wconf 81' lang='lat' dir='ltr'>ia</span> <span class='ocrx_word' id='word_1_42' title='bbox 694 1413 793 1467; x_wconf 81' lang='lat' dir='ltr'>lumine</span> <span class='ocrx_word' id='word_1_43' title='bbox 809 1416 857 1465; x_wconf 82' lang='lat' dir='ltr'>tuo</span> <span class='ocrx_word' id='word_1_44' title='bbox 875 1415 899 1463; x_wconf 89' lang='lat' dir='ltr'>et</span> <span class='ocrx_word' id='word_1_45' title='bbox 915 1424 987 1478; x_wconf 74' lang='lat' dir='ltr'>reges</span> <span class='ocrx_word' id='word_1_46' title='bbox 1009 1407 1041 1460; x_wconf 81' lang='lat' dir='ltr'>ia</span> <span class='ocrx_word' id='word_1_47' title='bbox 1058 1404 1200 1475; x_wconf 73' lang='lat' dir='ltr'><em>splendore</em></span> <span class='ocrx_word' id='word_1_48' title='bbox 1216 1409 1293 1458; x_wconf 74' lang='lat' dir='ltr'>ortus</span> <span class='ocrx_word' id='word_1_49' title='bbox 1310 1403 1354 1457; x_wconf 80' lang='lat' dir='ltr'>tui</span> 
     </span>
     <span class='ocr_line' id='line_1_12' title="bbox 647 1490 1086 1563; baseline -0.025 -5"><span class='ocrx_word' id='word_1_50' title='bbox 647 1499 676 1558; x_wconf 82' lang='lat'>7.</span> <span class='ocrx_word' id='word_1_51' title='bbox 710 1495 801 1553; x_wconf 81' lang='lat' dir='ltr'>Stella</span> <span class='ocrx_word' id='word_1_52' title='bbox 824 1494 946 1551; x_wconf 78' lang='lat' dir='ltr'>ducente</span> <span class='ocrx_word' id='word_1_53' title='bbox 969 1490 1086 1563; x_wconf 85' lang='lat' dir='ltr'>praevia</span> 
     </span>
     <span class='ocr_line' id='line_1_13' title="bbox 706 1575 1032 1651; baseline -0.021 -12"><span class='ocrx_word' id='word_1_54' title='bbox 706 1581 754 1639; x_wconf 85' lang='lat' dir='ltr'>Ad</span> <span class='ocrx_word' id='word_1_55' title='bbox 777 1580 859 1651; x_wconf 88' lang='lat' dir='ltr'>pueri</span> <span class='ocrx_word' id='word_1_56' title='bbox 882 1575 1032 1651; x_wconf 88' lang='lat' dir='ltr'>cunabula,</span> 
     </span>
     <span class='ocr_line' id='line_1_14' title="bbox 706 1665 1040 1734; baseline -0.024 -9"><span class='ocrx_word' id='word_1_57' title='bbox 706 1665 764 1725; x_wconf 89' lang='lat' dir='ltr'>Ubi</span> <span class='ocrx_word' id='word_1_58' title='bbox 786 1665 876 1722; x_wconf 89' lang='lat' dir='ltr'>lactat</span> <span class='ocrx_word' id='word_1_59' title='bbox 897 1676 1040 1734; x_wconf 78' lang='lat' dir='ltr'>puerpera</span> 
     </span>
    </p>
   </div>
   <div class='ocr_carea' id='block_1_5' title="bbox 287 1745 1484 1895">
    <p class='ocr_par' dir='ltr' id='par_1_5' title="bbox 287 1745 1484 1895">
     <span class='ocr_line' id='line_1_15' title="bbox 707 1745 1097 1823; baseline -0.015 -14"><span class='ocrx_word' id='word_1_60' title='bbox 707 1751 802 1823; x_wconf 86' lang='lat' dir='ltr'>Illum,</span> <span class='ocrx_word' id='word_1_61' title='bbox 826 1749 875 1821; x_wconf 89' lang='lat' dir='ltr'>qui</span> <span class='ocrx_word' id='word_1_62' title='bbox 897 1746 971 1820; x_wconf 89' lang='lat' dir='ltr'>regit</span> <span class='ocrx_word' id='word_1_63' title='bbox 992 1745 1097 1803; x_wconf 91' lang='lat' dir='ltr'>omnia.</span> 
     </span>
     <span class='ocr_line' id='line_1_16' title="bbox 287 1821 1484 1895; baseline -0.012 -7"><span class='ocrx_word' id='word_1_64' title='bbox 287 1834 361 1888; x_wconf 84' lang='lat' dir='ltr'>Leuc</span> <span class='ocrx_word' id='word_1_65' title='bbox 379 1835 412 1887; x_wconf 81' lang='lat' dir='ltr'>in</span> <span class='ocrx_word' id='word_1_66' title='bbox 430 1834 544 1888; x_wconf 80' lang='lat' dir='ltr'>circuitu</span> <span class='ocrx_word' id='word_1_67' title='bbox 559 1831 650 1886; x_wconf 81' lang='lat' dir='ltr'>oculos</span> <span class='ocrx_word' id='word_1_68' title='bbox 662 1836 723 1885; x_wconf 82' lang='lat' dir='ltr'>tuoe</span> <span class='ocrx_word' id='word_1_69' title='bbox 735 1835 760 1885; x_wconf 88' lang='lat' dir='ltr'>et</span> <span class='ocrx_word' id='word_1_70' title='bbox 769 1828 843 1895; x_wconf 61' lang='lat' dir='ltr'>uida·</span> <span class='ocrx_word' id='word_1_71' title='bbox 862 1842 951 1883; x_wconf 80' lang='lat' dir='ltr'>omnes</span> <span class='ocrx_word' id='word_1_72' title='bbox 963 1826 1012 1878; x_wconf 78' lang='lat' dir='ltr'>icti</span> <span class='ocrx_word' id='word_1_73' title='bbox 1024 1822 1178 1893; x_wconf 72' lang='lat' dir='ltr'>congregati</span> <span class='ocrx_word' id='word_1_74' title='bbox 1190 1826 1261 1886; x_wconf 80' lang='lat' dir='ltr'>aaut,</span> <span class='ocrx_word' id='word_1_75' title='bbox 1274 1825 1410 1875; x_wconf 77' lang='lat' dir='ltr'>uenerunt</span> <span class='ocrx_word' id='word_1_76' title='bbox 1422 1821 1484 1874; x_wconf 80' lang='lat' dir='ltr'>tibi</span> 
     </span>
    </p>
   </div>
   <div class='ocr_carea' id='block_1_6' title="bbox 647 1906 1084 2154">
    <p class='ocr_par' dir='ltr' id='par_1_6' title="bbox 647 1906 1084 2154">
     <span class='ocr_line' id='line_1_17' title="bbox 647 1906 1084 1982; baseline -0.023 -9"><span class='ocrx_word' id='word_1_77' title='bbox 647 1915 677 1974; x_wconf 86' lang='grc'>8.</span> <span class='ocrx_word' id='word_1_78' title='bbox 712 1915 746 1972; x_wconf 93' lang='lat' dir='ltr'>In</span> <span class='ocrx_word' id='word_1_79' title='bbox 768 1927 847 1982; x_wconf 87' lang='lat' dir='ltr'>voce,</span> <span class='ocrx_word' id='word_1_80' title='bbox 872 1909 989 1980; x_wconf 88' lang='lat' dir='ltr'>chorda,</span> <span class='ocrx_word' id='word_1_81' title='bbox 1013 1906 1084 1964; x_wconf 88' lang='lat' dir='ltr'>tibia</span> 
     </span>
     <span class='ocr_line' id='line_1_18' title="bbox 711 1992 1055 2064; baseline -0.023 -7"><span class='ocrx_word' id='word_1_82' title='bbox 711 1999 751 2057; x_wconf 87' lang='lat' dir='ltr'>Et</span> <span class='ocrx_word' id='word_1_83' title='bbox 772 1997 859 2056; x_wconf 91' lang='lat' dir='ltr'>laude</span> <span class='ocrx_word' id='word_1_84' title='bbox 881 1992 1055 2064; x_wconf 80' lang='lat' dir='ltr'>multifaria3</span> 
     </span>
     <span class='ocr_line' id='line_1_19' title="bbox 709 2079 1054 2154; baseline -0.017 -13"><span class='ocrx_word' id='word_1_85' title='bbox 709 2085 790 2142; x_wconf 90' lang='lat' dir='ltr'>Intra</span> <span class='ocrx_word' id='word_1_86' title='bbox 811 2087 862 2140; x_wconf 86' lang='lat' dir='ltr'>tua</span> <span class='ocrx_word' id='word_1_87' title='bbox 883 2079 1054 2154; x_wconf 86' lang='lat' dir='ltr'>praecordia</span> 
     </span>
    </p>
   </div>
   <div class='ocr_carea' id='block_1_7' title="bbox 294 2165 1186 2318">
    <p class='ocr_par' dir='ltr' id='par_1_7' title="bbox 294 2165 1186 2318">
     <span class='ocr_line' id='line_1_20' title="bbox 712 2165 1014 2227; baseline -0.017 0"><span class='ocrx_word' id='word_1_88' title='bbox 712 2166 873 2227; x_wconf 89' lang='lat' dir='ltr'>Perfrueris</span> <span class='ocrx_word' id='word_1_89' title='bbox 894 2165 1014 2225; x_wconf 89' lang='lat' dir='ltr'>laetitia.</span> 
     </span>
     <span class='ocr_line' id='line_1_21' title="bbox 294 2243 1186 2318; baseline -0.016 -12"><span class='ocrx_word' id='word_1_90' title='bbox 294 2252 368 2307; x_wconf 78' lang='lat' dir='ltr'>Filii</span> <span class='ocrx_word' id='word_1_91' title='bbox 385 2252 427 2306; x_wconf 83' lang='lat' dir='ltr'>tui</span> <span class='ocrx_word' id='word_1_92' title='bbox 447 2251 478 2304; x_wconf 84' lang='lat' dir='ltr'>de</span> <span class='ocrx_word' id='word_1_93' title='bbox 495 2250 573 2318; x_wconf 77' lang='lat' dir='ltr'>louge</span> <span class='ocrx_word' id='word_1_94' title='bbox 589 2250 702 2315; x_wconf 77' lang='lat' dir='ltr'>uenient,</span> <span class='ocrx_word' id='word_1_95' title='bbox 720 2254 744 2302; x_wconf 84' lang='lat' dir='ltr'>et</span> <span class='ocrx_word' id='word_1_96' title='bbox 761 2248 832 2316; x_wconf 67' lang='lat' dir='ltr'>gillae</span> <span class='ocrx_word' id='word_1_97' title='bbox 848 2253 912 2301; x_wconf 81' lang='lat' dir='ltr'>tuce</span> <span class='ocrx_word' id='word_1_98' title='bbox 929 2244 960 2298; x_wconf 83' lang='lat' dir='ltr'>dc</span> <span class='ocrx_word' id='word_1_99' title='bbox 979 2246 1058 2298; x_wconf 81' lang='lat' dir='ltr'>latere</span> <span class='ocrx_word' id='word_1_100' title='bbox 1075 2243 1186 2310; x_wconf 70' lang='lat' dir='ltr'>surgent</span> 
     </span>
    </p>
   </div>
   <div class='ocr_carea' id='block_1_8' title="bbox 649 2326 1113 2487">
    <p class='ocr_par' dir='ltr' id='par_1_8' title="bbox 649 2326 1113 2487">
     <span class='ocr_line' id='line_1_22' title="bbox 649 2326 1059 2398; baseline -0.024 -6"><span class='ocrx_word' id='word_1_101' title='bbox 649 2334 678 2394; x_wconf 89' lang='grc'>9.</span> <span class='ocrx_word' id='word_1_102' title='bbox 712 2330 816 2390; x_wconf 84' lang='lat' dir='ltr'>Matris</span> <span class='ocrx_word' id='word_1_103' title='bbox 838 2329 907 2387; x_wconf 85' lang='lat' dir='ltr'>Sion</span> <span class='ocrx_word' id='word_1_104' title='bbox 930 2326 1059 2398; x_wconf 82' lang='lat' dir='ltr'>scientia,</span> 
     </span>
     <span class='ocr_line' id='line_1_23' title="bbox 710 2410 1113 2487; baseline -0.017 -13"><span class='ocrx_word' id='word_1_105' title='bbox 710 2416 795 2475; x_wconf 87' lang='lat' dir='ltr'>Cuius</span> <span class='ocrx_word' id='word_1_106' title='bbox 818 2415 904 2487; x_wconf 88' lang='lat' dir='ltr'>plena</span> <span class='ocrx_word' id='word_1_107' title='bbox 926 2418 993 2470; x_wconf 89' lang='lat' dir='ltr'>suut</span> <span class='ocrx_word' id='word_1_108' title='bbox 1014 2410 1113 2485; x_wconf 88' lang='lat' dir='ltr'>ubera,</span> 
     </span>
    </p>
   </div>
   <div class='ocr_carea' id='block_1_9' title="bbox 291 2496 1247 2650">
    <p class='ocr_par' dir='ltr' id='par_1_9' title="bbox 291 2496 1247 2650">
     <span class='ocr_line' id='line_1_24' title="bbox 709 2496 1079 2569; baseline -0.005 -10"><span class='ocrx_word' id='word_1_109' title='bbox 709 2501 749 2560; x_wconf 86' lang='lat' dir='ltr'>Et</span> <span class='ocrx_word' id='word_1_110' title='bbox 771 2501 965 2558; x_wconf 76' lang='lat' dir='ltr'>doctrinarum</span> <span class='ocrx_word' id='word_1_111' title='bbox 988 2496 1079 2569; x_wconf 87' lang='lat' dir='ltr'>copia.</span> 
     </span>
     <span class='ocr_line' id='line_1_25' title="bbox 291 2575 1247 2650; baseline -0.016 -12"><span class='ocrx_word' id='word_1_112' title='bbox 291 2585 370 2638; x_wconf 80' lang='lat' dir='ltr'>Tanto</span> <span class='ocrx_word' id='word_1_113' title='bbox 387 2583 490 2637; x_wconf 66' lang='lat' dir='ltr'>uidebis</span> <span class='ocrx_word' id='word_1_114' title='bbox 509 2588 532 2635; x_wconf 85' lang='lat' dir='ltr'>et</span> <span class='ocrx_word' id='word_1_115' title='bbox 550 2584 655 2650; x_wconf 75' lang='lat' dir='ltr'>afflues,</span> <span class='ocrx_word' id='word_1_116' title='bbox 674 2587 697 2635; x_wconf 85' lang='lat' dir='ltr'>et</span> <span class='ocrx_word' id='word_1_117' title='bbox 714 2580 860 2635; x_wconf 81' lang='lat' dir='ltr'>mirabitur</span> <span class='ocrx_word' id='word_1_118' title='bbox 877 2583 901 2632; x_wconf 87' lang='lat' dir='ltr'>et</span> <span class='ocrx_word' id='word_1_119' title='bbox 918 2575 1080 2630; x_wconf 78' lang='lat' dir='ltr'>dilatabitur</span> <span class='ocrx_word' id='word_1_120' title='bbox 1097 2588 1142 2626; x_wconf 83' lang='lat' dir='ltr'>cor</span> <span class='ocrx_word' id='word_1_121' title='bbox 1161 2577 1247 2636; x_wconf 82' lang='lat' dir='ltr'>tuum,</span> 
     </span>
    </p>
   </div>
   <div class='ocr_carea' id='block_1_10' title="bbox 595 2656 1117 2909">
    <p class='ocr_par' dir='ltr' id='par_1_10' title="bbox 595 2656 1117 2909">
     <span class='ocr_line' id='line_1_26' title="bbox 595 2656 1117 2734; baseline -0.013 -14"><span class='ocrx_word' id='word_1_122' title='bbox 595 2713 596 2720; x_wconf 72' lang='grc'>,</span> <span class='ocrx_word' id='word_1_123' title='bbox 628 2666 676 2725; x_wconf 89' lang='grc'>10.</span> <span class='ocrx_word' id='word_1_124' title='bbox 711 2663 840 2734; x_wconf 79' lang='lat' dir='ltr'>Quando,</span> <span class='ocrx_word' id='word_1_125' title='bbox 864 2659 935 2718; x_wconf 83' lang='lat' dir='ltr'>felix</span> <span class='ocrx_word' id='word_1_126' title='bbox 958 2667 988 2717; x_wconf 84' lang='lat' dir='ltr'>et</span> <span class='ocrx_word' id='word_1_127' title='bbox 1008 2656 1117 2732; x_wconf 79' lang='lat' dir='ltr'>inclita,</span> 
     </span>
     <span class='ocr_line' id='line_1_27' title="bbox 711 2744 1051 2817; baseline -0.015 -10"><span class='ocrx_word' id='word_1_128' title='bbox 711 2747 858 2807; x_wconf 87' lang='lat' dir='ltr'>Gaudebis</span> <span class='ocrx_word' id='word_1_129' title='bbox 882 2747 949 2804; x_wconf 89' lang='lat' dir='ltr'>dote</span> <span class='ocrx_word' id='word_1_130' title='bbox 972 2744 1051 2817; x_wconf 87' lang='lat' dir='ltr'>regia</span> 
     </span>
     <span class='ocr_line' id='line_1_28' title="bbox 711 2827 1110 2909; baseline -0.023 -16"><span class='ocrx_word' id='word_1_131' title='bbox 711 2833 814 2909; x_wconf 85' lang='lat' dir='ltr'>Sponsi</span> <span class='ocrx_word' id='word_1_132' title='bbox 837 2834 924 2905; x_wconf 87' lang='lat' dir='ltr'>plena</span> <span class='ocrx_word' id='word_1_133' title='bbox 945 2827 1110 2888; x_wconf 91' lang='lat' dir='ltr'>muneribus</span> 
     </span>
    </p>
   </div>
   <div class='ocr_carea' id='block_1_11' title="bbox 293 2915 1478 3068">
    <p class='ocr_par' dir='ltr' id='par_1_11' title="bbox 293 2915 1478 3068">
     <span class='ocr_line' id='line_1_29' title="bbox 713 2915 1067 2987; baseline -0.02 -9"><span class='ocrx_word' id='word_1_134' title='bbox 713 2920 753 2978; x_wconf 89' lang='lat' dir='ltr'>Et</span> <span class='ocrx_word' id='word_1_135' title='bbox 776 2919 881 2976; x_wconf 87' lang='lat' dir='ltr'>decora</span> <span class='ocrx_word' id='word_1_136' title='bbox 903 2915 1067 2987; x_wconf 82' lang='lat' dir='ltr'>virtutibus,</span> 
     </span>
     <span class='ocr_line' id='line_1_30' title="bbox 293 2985 1478 3068; baseline -0.012 -14"><span class='ocrx_word' id='word_1_137' title='bbox 293 3000 402 3068; x_wconf 83' lang='lat' dir='ltr'>quaudo</span> <span class='ocrx_word' id='word_1_138' title='bbox 421 3015 551 3055; x_wconf 80' lang='lat' dir='ltr'>conuersa</span> <span class='ocrx_word' id='word_1_139' title='bbox 567 3000 651 3067; x_wconf 78' lang='lat' dir='ltr'>suerit</span> <span class='ocrx_word' id='word_1_140' title='bbox 667 2999 704 3053; x_wconf 85' lang='lat' dir='ltr'>ad</span> <span class='ocrx_word' id='word_1_141' title='bbox 716 3005 739 3052; x_wconf 82' lang='lat' dir='ltr'>te</span> <span class='ocrx_word' id='word_1_142' title='bbox 750 2997 895 3051; x_wconf 82' lang='lat' dir='ltr'>multitudo</span> <span class='ocrx_word' id='word_1_143' title='bbox 907 2996 1002 3061; x_wconf 83' lang='lat' dir='ltr'>muria,</span> <span class='ocrx_word' id='word_1_144' title='bbox 1019 2990 1151 3061; x_wconf 72' lang='lat' dir='ltr'>fortitudo</span> <span class='ocrx_word' id='word_1_145' title='bbox 1162 2991 1280 3058; x_wconf 74' lang='lat' dir='ltr'>gentium</span> <span class='ocrx_word' id='word_1_146' title='bbox 1290 2985 1397 3041; x_wconf 79' lang='lat' dir='ltr'>uenerit</span> <span class='ocrx_word' id='word_1_147' title='bbox 1409 2987 1478 3040; x_wconf 75' lang='lat' dir='ltr'>titi.</span> 
     </span>
    </p>
   </div>
   <div class='ocr_carea' id='block_1_12' title="bbox 626 3076 1144 3488">
    <p class='ocr_par' dir='ltr' id='par_1_12' title="bbox 626 3076 1144 3488">
     <span class='ocr_line' id='line_1_31' title="bbox 626 3076 1082 3151; baseline -0.024 -8"><span class='ocrx_word' id='word_1_148' title='bbox 626 3083 674 3144; x_wconf 90' lang='lat'>11.</span> <span class='ocrx_word' id='word_1_149' title='bbox 710 3082 733 3142; x_wconf 93' lang='lat'>0</span> <span class='ocrx_word' id='word_1_150' title='bbox 755 3081 859 3138; x_wconf 87' lang='lat' dir='ltr'>summi</span> <span class='ocrx_word' id='word_1_151' title='bbox 880 3079 956 3151; x_wconf 88' lang='lat' dir='ltr'>regis</span> <span class='ocrx_word' id='word_1_152' title='bbox 978 3076 1082 3149; x_wconf 85' lang='lat' dir='ltr'>gratia,</span> 
     </span>
     <span class='ocr_line' id='line_1_32' title="bbox 711 3159 1144 3238; baseline -0.021 -14"><span class='ocrx_word' id='word_1_153' title='bbox 711 3168 790 3237; x_wconf 76' lang='lat' dir='ltr'>Quae</span> <span class='ocrx_word' id='word_1_154' title='bbox 811 3180 985 3238; x_wconf 89' lang='lat' dir='ltr'>praeconum</span> <span class='ocrx_word' id='word_1_155' title='bbox 1006 3159 1144 3219; x_wconf 87' lang='lat' dir='ltr'>instantia</span> 
     </span>
     <span class='ocr_line' id='line_1_33' title="bbox 713 3244 1132 3323; baseline -0.019 -14"><span class='ocrx_word' id='word_1_156' title='bbox 713 3252 758 3310; x_wconf 79' lang='lat' dir='ltr'>lix</span> <span class='ocrx_word' id='word_1_157' title='bbox 779 3251 890 3323; x_wconf 84' lang='lat' dir='ltr'>quadro</span> <span class='ocrx_word' id='word_1_158' title='bbox 912 3248 1012 3307; x_wconf 89' lang='lat' dir='ltr'>mundi</span> <span class='ocrx_word' id='word_1_159' title='bbox 1033 3244 1132 3318; x_wconf 90' lang='lat' dir='ltr'>lapide</span> 
     </span>
     <span class='ocr_line' id='line_1_34' title="bbox 712 3332 1068 3396; baseline -0.022 0"><span class='ocrx_word' id='word_1_160' title='bbox 712 3339 793 3396; x_wconf 89' lang='lat' dir='ltr'>lutra</span> <span class='ocrx_word' id='word_1_161' title='bbox 814 3336 907 3393; x_wconf 84' lang='lat' dir='ltr'>sinum</span> <span class='ocrx_word' id='word_1_162' title='bbox 930 3332 1068 3390; x_wconf 89' lang='lat' dir='ltr'>ecclesiae</span> 
     </span>
     <span class='ocr_line' id='line_1_35' title="bbox 712 3416 1087 3488; baseline -0.024 -8"><span class='ocrx_word' id='word_1_163' title='bbox 712 3422 819 3480; x_wconf 84' lang='lat' dir='ltr'>Multos</span> <span class='ocrx_word' id='word_1_164' title='bbox 842 3419 953 3478; x_wconf 86' lang='lat' dir='ltr'>infide</span> <span class='ocrx_word' id='word_1_165' title='bbox 976 3416 1087 3488; x_wconf 80' lang='lat' dir='ltr'>colligis</span> 
     </span>
    </p>
   </div>
   <div class='ocr_carea' id='block_1_13' title="bbox 291 3501 1261 3654">
    <p class='ocr_par' dir='ltr' id='par_1_13' title="bbox 291 3501 1261 3654">
     <span class='ocr_line' id='line_1_36' title="bbox 309 3501 1077 3568; baseline -0.022 6"><span class='ocrx_word' id='word_1_166' title='bbox 309 3565 311 3568; x_wconf 96' lang='lat'>.</span> <span class='ocrx_word' id='word_1_167' title='bbox 712 3507 750 3565; x_wconf 86' lang='lat' dir='ltr'>Et</span> <span class='ocrx_word' id='word_1_168' title='bbox 774 3506 846 3564; x_wconf 83' lang='lat' dir='ltr'>caeli</span> <span class='ocrx_word' id='word_1_169' title='bbox 870 3506 947 3563; x_wconf 86' lang='lat' dir='ltr'>cives</span> <span class='ocrx_word' id='word_1_170' title='bbox 969 3501 1077 3561; x_wconf 86' lang='lat' dir='ltr'>eiiicis!</span> 
     </span>
     <span class='ocr_line' id='line_1_37' title="bbox 291 3577 1261 3654; baseline -0.012 -14"><span class='ocrx_word' id='word_1_171' title='bbox 291 3588 444 3643; x_wconf 78' lang='lat' dir='ltr'>Intmdutt&#39;o</span> <span class='ocrx_word' id='word_1_172' title='bbox 464 3587 625 3641; x_wconf 70' lang='lat' dir='ltr'>carnotorum</span> <span class='ocrx_word' id='word_1_173' title='bbox 643 3588 742 3654; x_wconf 78' lang='lat' dir='ltr'>operiet</span> <span class='ocrx_word' id='word_1_174' title='bbox 759 3592 789 3650; x_wconf 85' lang='lat' dir='ltr'>te,</span> <span class='ocrx_word' id='word_1_175' title='bbox 809 3584 974 3638; x_wconf 79' lang='lat' dir='ltr'>dromedarii</span> <span class='ocrx_word' id='word_1_176' title='bbox 991 3581 1112 3635; x_wconf 79' lang='lat' dir='ltr'>Madian</span> <span class='ocrx_word' id='word_1_177' title='bbox 1129 3584 1154 3632; x_wconf 81' lang='lat' dir='ltr'>et</span> <span class='ocrx_word' id='word_1_178' title='bbox 1170 3577 1261 3644; x_wconf 70' lang='lat' dir='ltr'>Epicu,</span> 
     </span>
    </p>
   </div>
   <div class='ocr_carea' id='block_1_14' title="bbox 627 3666 1059 3740">
    <p class='ocr_par' dir='ltr' id='par_1_14' title="bbox 627 3666 1059 3740">
     <span class='ocr_line' id='line_1_38' title="bbox 627 3666 1059 3740; baseline -0.021 -10"><span class='ocrx_word' id='word_1_179' title='bbox 627 3671 676 3730; x_wconf 88' lang='grc'>12.</span> <span class='ocrx_word' id='word_1_180' title='bbox 711 3671 753 3730; x_wconf 90' lang='lat' dir='ltr'>Ut</span> <span class='ocrx_word' id='word_1_181' title='bbox 774 3668 843 3726; x_wconf 89' lang='lat' dir='ltr'>fidei</span> <span class='ocrx_word' id='word_1_182' title='bbox 865 3683 918 3740; x_wconf 87' lang='lat' dir='ltr'>per</span> <span class='ocrx_word' id='word_1_183' title='bbox 939 3666 1059 3739; x_wconf 82' lang='lat' dir='ltr'>gratiam</span> 
     </span>
    </p>
   </div>
   <div class='ocr_carea' id='block_1_15' title="bbox 295 3749 1123 3898">
    <p class='ocr_par' dir='ltr' id='par_1_15' title="bbox 295 3749 1123 3898">
     <span class='ocr_line' id='line_1_39' title="bbox 711 3749 1123 3823; baseline -0.01 -11"><span class='ocrx_word' id='word_1_184' title='bbox 711 3753 912 3813; x_wconf 89' lang='lat' dir='ltr'>Provehantur</span> <span class='ocrx_word' id='word_1_185' title='bbox 932 3752 970 3809; x_wconf 91' lang='lat' dir='ltr'>ad</span> <span class='ocrx_word' id='word_1_186' title='bbox 992 3749 1123 3823; x_wconf 82' lang='lat' dir='ltr'>gloriam.</span> 
     </span>
     <span class='ocr_line' id='line_1_40' title="bbox 295 3831 1043 3898; baseline -0.008 -10"><span class='ocrx_word' id='word_1_187' title='bbox 295 3835 393 3889; x_wconf 63' lang='lat' dir='ltr'>danaes</span> <span class='ocrx_word' id='word_1_188' title='bbox 411 3835 443 3888; x_wconf 81' lang='lat' dir='ltr'>de</span> <span class='ocrx_word' id='word_1_189' title='bbox 461 3833 536 3888; x_wconf 83' lang='lat' dir='ltr'>Saba</span> <span class='ocrx_word' id='word_1_190' title='bbox 553 3834 660 3888; x_wconf 79' lang='lat' dir='ltr'>uenient</span> <span class='ocrx_word' id='word_1_191' title='bbox 679 3850 777 3888; x_wconf 73' lang='lat' dir='ltr'>aeuum</span> <span class='ocrx_word' id='word_1_192' title='bbox 795 3837 818 3885; x_wconf 84' lang='lat' dir='ltr'>et</span> <span class='ocrx_word' id='word_1_193' title='bbox 835 3836 881 3884; x_wconf 83' lang='lat' dir='ltr'>tue</span> <span class='ocrx_word' id='word_1_194' title='bbox 899 3831 1043 3898; x_wconf 69' lang='lat' dir='ltr'>delmmtea</span> 
     </span>
    </p>
   </div>
   <div class='ocr_carea' id='block_1_16' title="bbox 586 3910 1109 4155">
    <p class='ocr_par' dir='ltr' id='par_1_16' title="bbox 586 3910 1109 4155">
     <span class='ocr_line' id='line_1_41' title="bbox 586 3910 1090 3998; baseline -0.016 -23"><span class='ocrx_word' id='word_1_195' title='bbox 586 3954 601 3974; x_wconf 56' lang='lat' dir='ltr'><strong><em>s</em></strong></span> <span class='ocrx_word' id='word_1_196' title='bbox 628 3919 681 3984; x_wconf 83' lang='grc'><strong>13..</strong></span> <span class='ocrx_word' id='word_1_197' title='bbox 710 3915 814 3998; x_wconf 85' lang='lat' dir='ltr'>Murra¹</span> <span class='ocrx_word' id='word_1_198' title='bbox 829 3929 898 3971; x_wconf 74' lang='lat' dir='ltr'>‚cum</span> <span class='ocrx_word' id='word_1_199' title='bbox 919 3910 1090 3984; x_wconf 86' lang='lat' dir='ltr'>imputribili</span> 
     </span>
     <span class='ocr_line' id='line_1_42' title="bbox 590 3996 1096 4070; baseline -0.016 -10"><span class='ocrx_word' id='word_1_200' title='bbox 590 4015 592 4019; x_wconf 82' lang='grc'><strong>’</strong></span> <span class='ocrx_word' id='word_1_201' title='bbox 699 4001 758 4066; x_wconf 85' lang='lat' dir='ltr'>¹Ad</span> <span class='ocrx_word' id='word_1_202' title='bbox 782 4001 958 4070; x_wconf 86' lang='lat' dir='ltr'>sepulturam</span> <span class='ocrx_word' id='word_1_203' title='bbox 981 3996 1096 4067; x_wconf 89' lang='lat' dir='ltr'>mortui,</span> 
     </span>
     <span class='ocr_line' id='line_1_43' title="bbox 713 4080 1109 4155; baseline -0.02 -11"><span class='ocrx_word' id='word_1_204' title='bbox 713 4085 752 4144; x_wconf 90' lang='lat' dir='ltr'>Ut</span> <span class='ocrx_word' id='word_1_205' title='bbox 775 4084 852 4142; x_wconf 91' lang='lat' dir='ltr'>Deus</span> <span class='ocrx_word' id='word_1_206' title='bbox 876 4091 905 4144; x_wconf 90' lang='lat' dir='ltr'>et</span> <span class='ocrx_word' id='word_1_207' title='bbox 927 4099 978 4141; x_wconf 84' lang='lat' dir='ltr'>rex</span> <span class='ocrx_word' id='word_1_208' title='bbox 999 4080 1109 4155; x_wconf 87' lang='lat' dir='ltr'>gloriae</span> 
     </span>
    </p>
   </div>
   <div class='ocr_carea' id='block_1_17' title="bbox 711 4168 1052 4244">
    <p class='ocr_par' dir='ltr' id='par_1_17' title="bbox 711 4168 1052 4244">
     <span class='ocr_line' id='line_1_44' title="bbox 711 4168 1052 4244; baseline -0.009 -17"><span class='ocrx_word' id='word_1_209' title='bbox 711 4171 859 4242; x_wconf 87' lang='lat' dir='ltr'>Adoretur</span> <span class='ocrx_word' id='word_1_210' title='bbox 880 4170 909 4227; x_wconf 89' lang='lat' dir='ltr'>in</span> <span class='ocrx_word' id='word_1_211' title='bbox 931 4168 1052 4244; x_wconf 85' lang='lat' dir='ltr'>homine,</span> 
     </span>
    </p>
   </div>
   <div class='ocr_carea' id='block_1_18' title="bbox 293 4232 1078 4396">
    <p class='ocr_par' dir='ltr' id='par_1_18' title="bbox 293 4232 1078 4396">
     <span class='ocr_line' id='line_1_45' title="bbox 293 4232 807 4308; baseline -0.014 -1"><span class='ocrx_word' id='word_1_212' title='bbox 293 4260 317 4308; x_wconf 84' lang='lat' dir='ltr'>et</span> <span class='ocrx_word' id='word_1_213' title='bbox 335 4232 441 4307; x_wconf 78' lang='lat' dir='ltr'>laudem</span> <span class='ocrx_word' id='word_1_214' title='bbox 459 4251 578 4304; x_wconf 76' lang='lat' dir='ltr'>Domino</span> <span class='ocrx_word' id='word_1_215' title='bbox 597 4250 807 4304; x_wconf 78' lang='lat' dir='ltr'>annuntiantes:</span> 
     </span>
     <span class='ocr_line' id='line_1_46' title="bbox 629 4318 1078 4396; baseline -0.024 -11"><span class='ocrx_word' id='word_1_216' title='bbox 629 4329 677 4386; x_wconf 83' lang='lat'>14.</span> <span class='ocrx_word' id='word_1_217' title='bbox 710 4325 763 4396; x_wconf 79' lang='lat' dir='ltr'>Qui</span> <span class='ocrx_word' id='word_1_218' title='bbox 786 4322 879 4394; x_wconf 90' lang='lat' dir='ltr'>patris</span> <span class='ocrx_word' id='word_1_219' title='bbox 901 4320 984 4377; x_wconf 87' lang='lat' dir='ltr'>sedes</span> <span class='ocrx_word' id='word_1_220' title='bbox 1007 4318 1078 4376; x_wconf 89' lang='lat' dir='ltr'>solio</span> 
     </span>
    </p>
   </div>
   <div class='ocr_carea' id='block_1_19' title="bbox 710 4402 1136 4648">
    <p class='ocr_par' dir='ltr' id='par_1_19' title="bbox 710 4402 1136 4648">
     <span class='ocr_line' id='line_1_47' title="bbox 713 4402 1136 4479; baseline -0.019 -11"><span class='ocrx_word' id='word_1_221' title='bbox 713 4410 752 4468; x_wconf 86' lang='lat' dir='ltr'>Et</span> <span class='ocrx_word' id='word_1_222' title='bbox 773 4407 873 4466; x_wconf 86' lang='lat' dir='ltr'>matris</span> <span class='ocrx_word' id='word_1_223' title='bbox 896 4406 997 4463; x_wconf 85' lang='lat' dir='ltr'>haeres</span> <span class='ocrx_word' id='word_1_224' title='bbox 1019 4402 1136 4479; x_wconf 89' lang='lat' dir='ltr'>gremio,</span> 
     </span>
     <span class='ocr_line' id='line_1_48' title="bbox 710 4487 1126 4562; baseline -0.017 -10"><span class='ocrx_word' id='word_1_225' title='bbox 710 4493 785 4562; x_wconf 85' lang='lat' dir='ltr'>Tibi,</span> <span class='ocrx_word' id='word_1_226' title='bbox 810 4492 933 4562; x_wconf 81' lang='lat' dir='ltr'>Christe,</span> <span class='ocrx_word' id='word_1_227' title='bbox 957 4487 1126 4561; x_wconf 84' lang='lat' dir='ltr'>peremnia</span> 
     </span>
     <span class='ocr_line' id='line_1_49' title="bbox 713 4574 1099 4648; baseline -0.013 -11"><span class='ocrx_word' id='word_1_228' title='bbox 713 4578 758 4638; x_wconf 83' lang='lat' dir='ltr'>Sit</span> <span class='ocrx_word' id='word_1_229' title='bbox 781 4579 867 4636; x_wconf 84' lang='lat' dir='ltr'>decue</span> <span class='ocrx_word' id='word_1_230' title='bbox 889 4582 976 4648; x_wconf 90' lang='lat' dir='ltr'>atque</span> <span class='ocrx_word' id='word_1_231' title='bbox 997 4574 1099 4645; x_wconf 89' lang='lat' dir='ltr'>gloria.</span> 
     </span>
    </p>
   </div>
   <div class='ocr_carea' id='block_1_20' title="bbox 0 0 1710 5384">
    <p class='ocr_par' dir='ltr' id='par_1_20' title="bbox 0 0 1710 5384">
     <span class='ocr_line' id='line_1_50' title="bbox 0 0 1710 5384; baseline 0 0"><span class='ocrx_word' id='word_1_232' title='bbox 0 0 1710 5384; x_wconf 95' lang='lat' dir='ltr'> </span> 
     </span>
    </p>
   </div>
  </div>
 </body>
</html>
