3409 5384
565 1302 600 1373 G.
635 1303 906 1372 communiones
928 1304 1175 1387 Rhythmicae.

742 1560 802 1616 75⁵2.
830 1560 892 1615 Pro
911 1561 1003 1616 Pace.

601 1703 617 1761 1
642 1702 687 1759 Tu
708 1717 793 1759 verns
815 1708 900 1773 pater
921 1716 1088 1777 pauperum,

643 1786 735 1845 Verus
756 1787 886 1845 indultor
908 1787 1072 1864 oriminnms

643 1872 736 1930 Daton
757 1874 837 1944 pacis
861 1879 890 1929 et
912 1872 1073 1944 supplicum

642 1957 807 2016 Exauditor
824 1956 961 2030 fidelium,

602 2046 619 2102 5
643 2043 729 2100 Mitte
751 2044 831 2115 pacis
854 2043 991 2101 solacium

557 2204 563 2217 ⁵
641 2127 682 2186 Et
704 2126 814 2187 fructus
837 2128 917 2201 pacis
940 2128 1077 2186 cordium.

353 2263 428 2312 Miss.
446 2263 614 2313 Pictaviense
631 2262 694 2327 imp.
712 2263 826 2313 Parisiis
847 2259 921 2313 1498.

662 2463 722 2519 753.
746 2464 782 2519 In
801 2464 948 2535 Corporis
968 2464 1096 2521 1111111111.

577 2607 594 2665 1
619 2608 692 2681 Ave,
715 2606 817 2665 salutis
839 2606 942 2682 hostia,

618 2690 795 2761 Quaesitae
818 2689 932 2749 confers
954 2692 1093 2766 praemia,

618 2776 641 2835 Ο
665 2776 715 2835 lux
736 2777 836 2835 mundi
859 2785 888 2837 et
911 2778 1011 2851 glonna,

620 2862 731 2921 Cuncta
754 2863 862 2935 repelle
883 2864 978 2938 noxie,

577 2951 594 3007 5
618 2946 658 3005 Et
680 2964 697 3005 a
719 2946 819 3004 mundi
841 2948 958 3006 miseria

619 3033 679 3091 Nos
704 3032 759 3090 dne
777 3032 815 3090 ad
839 3033 912 3091 caeli
935 3033 1049 3107 gandia.

354 3176 429 3225 Miss.
454 3192 502 3225 ms.
528 3174 712 3225 Vodniacense
736 3190 804 3225 saec.
831 3172 871 3225 14.
907 3176 970 3227 Cod.
994 3177 1063 3226 Mus.
1087 3176 1195 3226 Bohem.
1216 3175 1281 3225 XIV
1297 3176 1322 3225 A
1339 3173 1365 3225 8.
1385 3177 1420 3228 Α.
1441 3204 1488 3213 -

288 3244 367 3295 Grad.
391 3260 438 3293 ms.
456 3245 588 3311 Pregense
613 3244 676 3293 anni
697 3240 770 3293 1551.
807 3244 869 3294 (lod.
890 3246 976 3310 Capit.
994 3246 1107 3309 Pragen.
1125 3246 1147 3293 P
1168 3242 1205 3294 10.
1223 3244 1254 3293 B.
1273 3270 1306 3278 -
1323 3246 1404 3295 Miss.
1423 3263 1486 3297 ms.

287 3314 421 3377 Pragense
446 3328 513 3365 saec.
533 3309 573 3362 15.
608 3312 672 3363 Cod.
696 3312 765 3361 Mus.
784 3314 933 3377 Hungarici
950 3310 991 3363 93.
1011 3315 1039 3365 O.
1057 3339 1090 3348 —
1109 3310 1125 3362 2
1144 3315 1218 3375 Quae
1241 3312 1339 3363 mundo
1364 3314 1485 3366 confers

288 3382 318 3430 Β.
337 3409 369 3418 -
387 3378 405 3430 4
423 3382 536 3446 repellas
555 3381 583 3440 C,
603 3380 671 3445 pelle
692 3380 752 3441 AB3
773 3382 861 3444 iurgia
877 3379 919 3444 (st.
937 3381 1027 3445 noxia)
1043 3382 1074 3431 Β.
1093 3410 1125 3417 -
1144 3380 1160 3430 5
1178 3380 1214 3429 nt
1231 3381 1264 3430 de
1282 3382 1376 3431 mundi
1395 3382 1426 3432 C.
1442 3411 1486 3419 -

287 3447 303 3499 6
324 3450 382 3499 Duc
399 3447 456 3511 (nos
473 3449 506 3512 B)
523 3450 557 3499 ad
576 3454 682 3499 aeterna
696 3450 795 3513 gaudia
814 3450 866 3499 BC.

578 3650 638 3708 154.
665 3652 710 3705 lle
730 3650 945 3720 compassione
963 3651 1080 3706 Beatae
1100 3651 1166 3706 111.

605 3793 619 3851 1
645 3792 690 3850 De
712 3806 796 3849 cruce
820 3791 982 3863 depositum

584 3876 585 3879 ’
688 3876 789 3935 videns
813 3892 917 3949 corpus
940 3876 1048 3935 Christi

643 3961 757 4019 Maesta
779 3969 871 4020 mater
892 3962 1048 4022 lacrimans

688 4053 773 4119 atque
796 4049 877 4106 vultu
899 4048 976 4106 tristi

605 4135 622 4191 5
646 4131 745 4193 Dixit:
768 4132 791 4191 0
815 4132 979 4190 dulcissime

689 4216 739 4290 fili,
763 4217 832 4289 quid
856 4214 960 4294 fecisti,

647 4302 730 4373 Quod
753 4301 804 4359 has
826 4318 933 4374 poenas
956 4318 1074 4376 asperas

689 4393 717 4444 et
737 4393 856 4444 mortem
880 4387 1003 4445 subisti?

356 4529 430 4579 Miss.
449 4532 616 4597 Lingonenss
634 4531 697 4595 imp.
716 4530 806 4579 Trecis
826 4526 901 4580 1549.
913 4558 948 4566 -
960 4531 1069 4581 Scheint
1086 4531 1130 4581 ein
1143 4529 1307 4579 Bruchstfick
1325 4544 1376 4580 aus
1397 4534 1482 4583 einer

287 4597 422 4661 grosseren
440 4600 574 4665 Dichtung
594 4616 626 4649 zu
645 4600 710 4648 sein.
