3409 5384
650 476 918 540 ·—63-

335 651 363 713 2.
386 650 449 713 Iam
471 647 582 723 fugiant
603 649 893 723 lacrimae‚·gsmitus
915 649 1087 722 praecordia
1107 646 1234 724 linqust3

442 730 576 798 percipite
591 745 705 798 reanum
902 791 905 795 ,
1229 731 1232 736 ’

328 804 357 862 3.
381 801 469 861 Nune
488 819 599 861 mecum
621 804 690 862 laeti
712 803 861 877 placidum
883 803 1040 876 gaudentes
1061 817 1246 877 persevero,

446 882 519 949 qood
535 883 612 938 vobis
623 889 758 952 paratum
769 889 814 937 est
825 883 868 936 ab
886 883 990 953 moine
1007 882 1111 936 mrmdi.

294 1005 375 1072 Trop.
392 1020 441 1058 ms.
460 1003 717 1070 Sammaglorianum
735 1022 804 1057 sose.
824 1001 864 1055 12.
901 1005 964 1056 eod.
981 1007 1094 1056 Parisin.
1115 1001 1146 1058 13
1153 1000 1211 1055 252.
1231 1005 1305 1056 Δ-
1323 1005 1403 1070 Trop.

225 1073 459 1206 firlsilffivgrnenss
476 1088 545 1124 saec„
566 1070 607 1123 12.
642 1074 705 1124 Cod.
723 1075 839 1124 Parisin.
858 1075 943 1124 Nouv.
962 1088 1019 1138 aeq.
1039 1069 1208 1136 123513,-
1227 1069 1244 1124 2
1261 1075 1402 1137 praeconia

542 1273 603 1331 114.
630 1275 666 1329 In
683 1274 922 1331 Resurrectiono
940 1275 1074 1335 nomini.

730 1380 828 1431 Feris
850 1381 897 1433 1V.

328 1518 357 1579 1.
380 1517 535 1576 Pasehsles
556 1515 586 1574 in
608 1517 709 1575 laudes
731 1518 884 1575 humanum
904 1524 1005 1594 peotes
1028 1517 1154 1592 anhelet,

380 1602 467 1662 Clara
488 1599 630 1660 salutiferi
652 1618 722 1660 voce
744 1603 886 1661 attendite
908 1602 1018 1661 eunom:

446 1681 547 1749 Venite,
565 1681 695 1736 tessellati
707 1681 801 1751 patris
818 1683 878 1746 otei,

326 1759 356 1817 2.
378 1756 518 1814 Maiestas
541 1755 658 1814 Domini
678 1755 823 1828 promittit
845 1757 921 1814 viam
942 1756 1053 1828 astutia,

442 1835 575 1902 percipite
591 1851 711 1903 seorsum,

327 1913 357 1972 3.
379 1908 577 1971 Retribuendo
601 1909 704 1967 donum
727 1909 836 1970 intrare
858 1909 889 1968 in
912 1909 1012 1968 semite
1034 1909 1121 1978 vitae,

448 1987 522 2056 quod
538 1987 615 2042 vobis
628 1993 763 2056 paratum
779 1993 818 2041 est
836 1988 871 2040 ab
890 1989 994 2058 erloino
1011 1987 1117 2042 mooli.

327 2067 357 2126 4.
380 2060 541 2121 Laetificati
564 2078 671 2133 omnes,
695 2062 819 2120 delectet
842 2063 929 2122 eorde
952 2061 1053 2128 fateri:

447 2142 578 2208 Alleluia,
595 2142 724 2195 Alleluia.

292 2265 372 2329 Trop.
397 2280 444 2313 ms.
468 2264 659 2314 Moissiacense
682 2279 752 2314 saec.
780 2262 820 2314 11.
863 2264 925 2315 cod.
949 2265 1063 2314 Parisin.
1086 2264 1173 2314 Nous.
1197 2276 1254 2328 aeq.
1273 2256 1349 2311 1871.
1367 2285 1401 2295 -

219 2336 261 2384 Im
278 2334 363 2383 Texte
381 2333 416 2383 ist
434 2332 559 2384 manches
576 2331 683 2393 dunkel,
701 2333 771 2382 wohl
790 2334 945 2385 verdorben.

543 2534 606 2590 115.
633 2534 671 2588 In
688 2534 926 2591 Resurrectione
944 2533 1077 2593 Domini.

728 2641 830 2691 Feria
853 2642 899 2692 IV.

325 2779 355 2838 1.
378 2778 526 2853 Omnibus,
548 2794 625 2848 ecce,
647 2774 717 2852 piis·
739 2781 791 2851 pia
812 2796 869 2838 vox
891 2780 966 2838 sicut
987 2780 1099 2838 intonat
1121 2772 1176 2850 eis,

380 2864 465 2923 Clara
487 2865 598 2936 cohors,
622 2865 734 2936 psallas
756 2868 785 2921 et
807 2870 866 2923 tam
889 2881 971 2923 saera
993 2879 1112 2924 munera
1135 2862 1232 2924 dieas:

451 2943 553 3008 Vertite,
572 2943 703 2996 benedieti
716 2944 811 3011 patris
829 2944 889 3009 mel,

327 3020 357 3078 2.
381 3019 438 3077 Pro
460 3018 570 3076 meritis
592 3019 728 3080 meritam
751 3017 801 3075 dat
823 3019 887 3091 quis
908 3018 987 3077 Deus
1009 3018 1073 3091 ipse
1095 3033 1247 3087 eoronsm3

441 3097 574 3166 percipite
592 3112 718 3166 reanum

326 3174 355 3232 3.
380 3171 438 3228 Vos
459 3172 522 3229 sine
543 3170 600 3229 fine
622 3187 737 3232 sacrum
761 3171 882 3243 capietis
904 3170 935 3228 in
957 3171 1073 3230 aethere
1097 3172 1215 3244 donum,

446 3250 520 3318 quod
537 3251 614 3304 vobis
628 3255 762 3318 paratum
779 3255 819 3305 est
837 3251 872 3303 ab
890 3251 996 3319 ortgrimo
1012 3251 1116 3304 smodi.

330 3327 361 3385 4.
384 3324 407 3383 0
429 3342 504 3382 nova
526 3327 686 3401 progenies,
710 3326 844 3400 populus,
866 3340 942 3382 nuno
963 3331 1062 3384 sancte
1084 3325 1193 3384 creanti

450 3403 564 3458 (lentate
581 3403 704 3458 Domino
722 3406 858 3460 canticum
875 3420 983 3458 mosum

291 3529 373 3590 Trop.
398 3543 446 3577 ms.
463 3527 649 3578 wintoniense
673 3542 741 3578 saec.
770 3525 809 3578 10.
835 3544 874 3578 ex.
916 3527 979 3578 cod.
997 3527 1124 3578 Oxoniem
1142 3527 1219 3576 Bodl.
1243 3523 1301 3576 775.
1319 3525 1350 3574 Α.
1369 3551 1402 3560 -

215 3599 304 3662 Trop.
323 3610 374 3646 ms.
391 3596 578 3646 Wintoniense
595 3612 663 3646 saec.
684 3593 723 3646 11.
759 3597 823 3648 (lod.
842 3595 909 3646 0011.
923 3595 999 3660 Corp.
1013 3595 1113 3646 Christi
1126 3595 1324 3659 cantabrigien.
1342 3590 1401 3644 473.

212 3670 246 3718 Β.
271 3691 310 3701 -
333 3665 414 3729 'From
436 3679 484 3717 ms.
508 3661 694 3715 Glastonienss
717 3663 947 3727 (scantuariense)
970 3679 1038 3714 soso.
1065 3661 1105 3713 11.
1130 3680 1169 3714 ex.
1192 3665 1228 3724 (st
1253 3660 1303 3725 12.)
1337 3662 1401 3712 Ood.

212 3735 371 3786 Londinsn.
395 3731 480 3798 Calig.
502 3733 527 3781 A
548 3733 619 3783 XIV.
642 3732 772 3794 c.-1‚
797 3732 809 3783 1
828 3735 935 3783 intonat
953 3734 996 3783 eis
1012 3732 1092 3796 a1303
1117 3748 1199 3798 gegen
1217 3732 1267 3784 den
1285 3732 1400 3782 Binnen-

212 3806 293 3856 reim.
314 3827 351 3837 -
370 3796 393 3863 l,
411 3797 427 3851 2
445 3800 545 3865 psallat
561 3800 589 3850 C.
608 3826 641 3836 -
659 3797 748 3853 3'Nos
767 3801 796 3852 O.

541 4000 604 4059 llo.
631 4002 667 4058 111
684 4002 922 4060 Resurrectiono
940 4001 1073 4060 Domini.
1138 3971 1139 3975 Ἰ

730 4110 832 4160 Feris
854 4110 899 4159 IV.

326 4242 358 4305 1.
381 4245 456 4316 Quos
478 4262 542 4306 mea
563 4254 703 4321 perpetuo
725 4249 852 4321 praescit
872 4248 1056 4320 providentis
1077 4247 1151 4321 visu,

381 4331 486 4390 Mortis
507 4332 544 4391 ab
568 4334 670 4393 exsilio
691 4336 750 4392 iam
772 4349 847 4392 nuno
868 4334 930 4392 sine
951 4332 1007 4392 fine
1029 4332 1182 4407 redempti,
1205 4334 1211 4348 ‘

450 4411 550 4478 Venite,
569 4413 699 4468 benedieti
714 4415 803 4482 patris
820 4413 880 4477 mei,
894 4413 1026 4481 peremto
1044 4428 1158 4483 myrtum

328 4485 360 4544 2.
383 4483 503 4543 Lumine
525 4487 717 4560 perspicuum,
741 4488 827 4560 plena
849 4487 977 4552 bonitate
999 4485 1147 4566 refertum,

450 4565 522 4631 mod
539 4567 614 4620 vobis
629 4572 763 4635 paratum
781 4570 820 4622 est
837 4566 873 4621 ab
891 4567 995 4636 erismae
1011 4566 1117 4629 morell,
