3409 5384
770 494 1001 558 -264-

658 781 719 838 504.
747 782 783 836 ln
800 781 889 838 unlus
909 780 1113 838 Gentesseris.

628 885 732 967 [Posui
754 890 936 962 adiutorium
958 890 992 948 ia
1009 883 1139 969 potente]

338 1075 354 1137 1
378 1076 419 1134 Et
440 1074 568 1136 exaltavi
930 1080 970 1138 20
993 1077 1033 1136 Et
1054 1077 1135 1135 cibus
1157 1079 1306 1149 vermium,

422 1161 519 1221 Plebis
540 1162 676 1220 humilem
996 1163 1052 1222 Vas
1075 1178 1105 1220 es
1129 1160 1315 1241 serdi(d)um‚

421 1246 631 1319 venerabilem,
1036 1248 1203 1321 Sepulcrum
1228 1249 1357 1309 sceleris.

379 1332 419 1390 Et
441 1332 595 1405 superbum
618 1334 755 1393 inclinavi
1036 1334 1148 1392 Damna
1171 1334 1272 1406 culpae
1295 1335 1407 1392 veteris

338 1419 355 1476 5
422 1416 644 1491 Despicabilem.
1037 1419 1068 1477 si
1090 1419 1263 1494 memineris,

377 1503 484 1562 Festus
506 1504 608 1561 mentis
631 1504 771 1576 germinat
929 1507 968 1566 25
992 1503 1129 1576 Expedit,
1153 1510 1185 1562 ut
1207 1505 1317 1582 vigiles,

420 1588 659 1665 Turpitudiuem3
992 1589 1086 1648 Gazas
1109 1589 1206 1647 mundi
1230 1591 1345 1648 steriles

378 1671 485 1731 Fastus
507 1680 623 1732 ventum
646 1676 769 1736 seminat
992 1676 1162 1734 Contemnes
1185 1691 1326 1748 quaereus
1347 1673 1479 1755 fertiles,

421 1758 460 1816 Et
482 1759 564 1816 metit
585 1759 737 1822 turbinem.
1037 1761 1179 1836 sinceras,

315 1843 353 1902 10
376 1843 454 1916 Ergo
476 1843 588 1915 labiles,
993 1845 1164 1918 Iueffabiles,

375 1928 503 1988 Umbrae
523 1930 640 2002 similes,
929 1933 969 1992 30
1037 1933 1125 1990 Veras

375 2013 507 2087 Fragiles
529 2068 535 2079 ,
991 2015 1233 2076 Interminubiles.

416 2099 456 2158 Et
478 2117 566 2158 vanas
993 2101 1037 2160 Ne
1058 2101 1169 2175 timeas,

285 2254 287 2261 y
459 2185 565 2258 Fugiss
990 2188 1063 2260 Quin
1084 2188 1209 2260 gaudeas

314 2269 351 2329 15
466 2270 597 2348 Divitias,
1035 2273 1067 2330 ln
1091 2273 1138 2331 die
1159 2269 1258 2346 flebili,

375 2355 529 2414 Instabiles
928 2362 967 2420 35
991 2357 1022 2415 Si
1045 2364 1227 2430 pertranseas

418 2441 456 2498 Et
479 2440 627 2512 profanas.
989 2444 1051 2502 Has
1074 2442 1172 2515 paleas

374 2527 437 2599 Qui,
460 2541 524 2584 cum
546 2527 701 2604 interieris,
1033 2528 1203 2586 Adhaerens
1226 2526 1329 2583 humili

375 2612 441 2671 Olla
463 2610 567 2670 cineris
991 2614 1098 2689 Graue,
1122 2612 1232 2671 cunctis
1254 2611 1330 2681 utili,

546 2699 628 2770 Quod
651 2697 779 2757 exaltavi
803 2693 933 2776 [1111111111
957 2700 991 2758 de
1007 2698 1090 2772 plebe
1112 2695 1201 2774 mea}

357 2865 479 2915 Cantion.
497 2882 546 2915 ms.
564 2868 637 2916 Petri
656 2866 689 2916 de
706 2865 818 2916 Medicis
835 2865 987 2930 (Gallicum)
1004 2883 1072 2917 saec.
1092 2862 1132 2916 13.
1162 2867 1226 2917 Cod.
1243 2867 1424 2916 Laurentian.
1440 2868 1487 2918 Pl.

289 2929 332 2984 29.
357 2931 380 2982 l.
397 2934 428 2982 Α.
446 2961 480 2970 -
497 2935 620 2996 Planius,
643 2937 690 3002 Nn.
709 2936 832 2986 XXXIV.
850 2937 880 2984 Β.
899 2961 932 2970 -
952 2933 968 2986 9
986 2936 1073 3000 Atque
1091 2937 1166 2984 metit
1183 2936 1213 2984 B.
1232 2960 1265 2968 -
1285 2931 1316 2983 19
1334 2935 1402 2985 Eris
1424 2936 1487 2987 olla

288 3001 319 3050 B.
337 3027 371 3036 -
388 2997 422 3051 23
439 3003 570 3053 Damnum
589 3005 619 3053 B.
637 3030 671 3038 -
690 3000 807 3054 341nde
826 3004 908 3054 flebili
927 3006 958 3056 A.
976 3031 1010 3038 —
1028 3001 1062 3054 37
1080 3003 1230 3054 Adhaereas
1249 3005 1279 3053 Β.
1298 3031 1331 3038 --
1350 2999 1388 3054 39
1409 3005 1487 3055 fehlt

287 3070 318 3121 Β.
337 3095 370 3106 -
390 3071 512 3137 Stellung
531 3069 577 3122 des
595 3073 691 3122 Liedes
709 3075 738 3121 in
755 3074 786 3132 A,
804 3073 894 3122 Inhalt
911 3073 965 3123 und
983 3072 1124 3123 Absehlul’s
1143 3073 1270 3136 sprechen
1288 3071 1330 3120 fiir
1347 3071 1395 3122 die
1416 3089 1486 3123 vor-

288 3137 391 3204 gelegte
408 3140 646 3206 Deberminierung.
1035 3155 1037 3162 “

647 3342 706 3397 5111.
733 3342 768 3397 In
786 3343 875 3399 unius
895 3341 1100 3399 Gentesseris.

330 3518 345 3575 1
370 3516 511 3574 Laetetur
988 3519 1062 3577 Laus
1085 3517 1234 3594 hodierna,

369 3601 479 3678 Iasiae,
505 3602 643 3674 glorietur
1027 3605 1088 3676 Quo
1110 3603 1225 3660 iuvetur

411 3686 450 3745 Ia
472 3687 614 3760 Domino,
923 3690 962 3749 10
986 3688 1058 3760 Spes
1080 3689 1204 3758 interna,

413 3773 497 3831 Vitae
519 3773 651 3847 termino,
949 3765 956 3780 ‘
987 3774 1073 3832 Cuius
1096 3773 1156 3832 viia
1179 3772 1242 3831 viae
1264 3771 1303 3829 sit
1325 3772 1468 3851 lucerna,

329 3858 346 3915 5
412 3858 465 3928 Qui
485 3858 573 3916 vitem
596 3859 693 3916 divine
985 3859 1064 3929 Quae
1085 3859 1177 3916 noetis
1199 3874 1216 3916 a
1240 3857 1368 3915 cisterna

413 3942 525 4000 Firmat
547 3943 666 4016 glutine.
985 3944 1046 4002 Nos
1069 3941 1227 4002 transferat
1249 3943 1287 4002 ad
1312 3958 1461 4020 superna,

369 4028 529 4084 Veneretnr
984 4030 1043 4090 Ubi
1065 4045 1116 4087 nos
1139 4035 1253 4086 serenet
1268 4028 1318 4085 lux
1334 4032 1481 4092 aeterna.

353 4196 474 4246 Cantion.
493 4213 539 4245 ms.
559 4198 632 4246 Petri
650 4198 682 4247 de
700 4197 811 4247 Medicis
830 4194 983 4261 (Gallicum)
1003 4213 1071 4248 saec.
1092 4195 1131 4247 13.
1163 4197 1483 4251 cod.Laurentian.P1.

284 4260 326 4313 29.
349 4260 371 4313 1.
389 4264 419 4313 Α.
440 4290 473 4299 -
490 4265 604 4326 Flemus,
623 4266 668 4314 Nr.
689 4266 742 4315 CX.
761 4268 791 4315 B.
810 4294 842 4301 —
863 4263 893 4314 ll
914 4267 986 4315 vitae
1005 4269 1065 4316 viae
1085 4269 1115 4316 A.
1134 4293 1169 4300 —
1189 4263 1219 4316 13
1237 4265 1363 4315 transfert
1382 4267 1405 4316 B
1438 4297 1481 4306 —

286 4329 318 4381 14
331 4337 435 4382 serenat
443 4334 474 4381 B.
488 4360 519 4367 —
530 4333 659 4382 Sichtlich
668 4337 771 4398 Trnpus
781 4335 846 4383 iiber
854 4333 906 4385 den
915 4334 1014 4384 Versus
1024 4335 1223 4384 Alleluiaticus:
1239 4335 1277 4399 „L
1284 4349 1300 4382 a
1307 4343 1359 4383 eta
1369 4334 1457 4388 bitu
1467 4356 1483 4388 r

283 4402 392 4451 iustus
411 4404 443 4450 in
462 4403 601 4451 Domino
620 4407 651 4451 11
668 4403 821 4466 sperabit
841 4405 874 4452 iu
891 4419 941 4464 eo,
960 4408 990 4452 et
1008 4403 1237 4453 laudabuntur
1255 4418 1367 4452 omnes
1381 4410 1481 4458 11111

282 4469 407 4519 corde.“
427 4495 459 4503 —
477 4470 516 4519 Zu
537 4467 728 4534 „Laetetur“
748 4476 780 4521 st.
803 4467 989 4535 „Laetabitur“
1010 4473 1054 4521 cir.
1073 4472 1109 4521 im
1122 4473 1225 4536 Tropus
1239 4467 1395 4536 „Ecclesiae
1414 4487 1481 4526 vox

281 4534 377 4656 ἒοᾱίἴ
396 4536 452 4600 (Nr.
470 4534 533 4603 500)
551 4537 601 4588 den
614 4540 773 4589 Coniunctiv
792 4536 951 4604 „germinet“
972 4555 998 4590 u.
1019 4537 1141 4605 „floreat“
1162 4545 1239 4590 stati:
1258 4541 1423 4605 germinabit
1447 4559 1480 4593 u.

302 4621 346 4654 ore
366 4607 394 4654 it.
