3409 5384
769 518 810 530 -
858 482 1006 546 364-

573 782 577 795 ,
668 718 730 775 768.
757 719 802 774 Ile
821 717 929 775 sanctu
948 716 1104 775 Gabriele.

308 880 336 940 1.
359 879 383 939 0
407 878 536 951 Gabrielt
924 880 952 936 2.
976 876 1037 934 Fac
1060 892 1112 934 nos
1134 875 1218 933 mites

402 962 502 1023 refove
523 961 643 1033 flebiles.
1019 976 1134 1035 semper
1157 967 1186 1019 et
1207 958 1328 1022 humiles

359 1050 470 1123 Aegros
493 1066 572 1121 sana,
976 1046 1016 1105 Et
1037 1047 1068 1104 in
1089 1044 1147 1105 fide

404 1132 535 1194 conforta
558 1133 679 1195 debiles.
1019 1130 1110 1189 furtes
1133 1135 1162 1188 et
1182 1127 1311 1187 stabiles.

363 1285 438 1336 Miss.
466 1302 513 1335 ms.
541 1286 767 1337 Guillermitarum
790 1284 984 1335 Parisiensium
1010 1295 1079 1333 saec.
1104 1279 1144 1332 14.
1185 1280 1249 1332 cod.
1274 1283 1393 1332 Parisin.
1418 1276 1482 1330 834.

296 1353 663 1475 genuaibffisibssogfnum
691 1355 754 1418 imp.
778 1353 898 1403 Venetiia
926 1348 999 1402 1508.
1021 1352 1052 1401 Β.
1077 1377 1111 1386 -
1134 1351 1208 1400 Miss.
1233 1348 1388 1400 senonense
1414 1351 1482 1413 imp.

575 1657 635 1713 7671.
663 1658 707 1713 Ile
725 1657 826 1713 Beata
843 1657 911 1714 MV.
931 1656 963 1711 ct
981 1669 1008 1712 a.
1027 1653 1193 1712 (luneseia.

632 1808 648 1867 1
672 1808 745 1883 Ave,
769 1808 849 1881 virgo
872 1804 1047 1882 christifera,
1101 1795 1104 1802 '

673 1898 744 1970 Ave,
768 1892 849 1967 virgo
874 1890 1030 1952 Geuovefa.

719 1978 863 2036 Desolatis
886 1978 1053 2053 succurrite,

719 2064 824 2122 Preces
848 2079 962 2134 semper
983 2061 1121 2121 effundite

635 2153 652 2208 5
761 2149 817 2206 Dei
839 2149 931 2221 patris
953 2148 991 2205 ad
1013 2146 1103 2205 filium

762 2234 818 2292 Pro
840 2234 933 2293 salute
954 2232 1092 2291 fidelium.

366 2388 441 2437 Mica.
466 2402 513 2436 ms.
532 2384 787 2452 Sangenovefianum
812 2400 879 2436 saec.
898 2381 949 2445 (13.
970 2381 1019 2447 14.)
1038 2380 1078 2433 15.
1115 2382 1178 2433 Coti.
1197 2379 1418 2447 Sanganoveiian.
1437 2376 1481 2430 90.

677 2621 737 2678 770.
765 2621 810 2676 Ile
829 2620 937 2675 sanctu
957 2617 1092 2677 (ieiune.

453 2772 566 2849 Pastor,
590 2774 628 2831 acl
650 2772 810 2845 ingressum
833 2771 906 2829 caeli
929 2771 1022 2843 gregis
1045 2771 1122 2844 erige
1145 2785 1283 2845 gressum,

451 2859 492 2919 Ut
515 2858 587 2916 caeli
612 2874 725 2920 cursum
749 2858 895 2929 capiamus
917 2856 1034 2914 aethere
1056 2872 1167 2913 sursum

450 2943 491 3002 Et
512 2942 554 3000 sic
578 2958 734 3018 curramus,
759 2958 815 3014 quo
838 2957 871 2998 eo
894 2948 987 2998 tecum
1010 2942 1166 3000 veniamus.

299 3093 707 3211 1549Μξ7.1717377777717ῳ.
725 3094 818 3143 Trecis
839 3088 912 3143 1520.
931 3094 961 3143 A.
981 3119 1014 3127 -
1032 3094 1108 3142 Misa.
1121 3093 1288 3157 Lingonense
1305 3090 1370 3155 imp.
1386 3089 1483 3139 Treeis

678 3328 739 3385 771.
766 3330 811 3385 lic
831 3328 939 3385 sanctu
957 3326 1092 3383 Hilario.

301 3477 354 3536 1a.
386 3478 518 3539 Gloriose
916 3477 972 3537 lb.
1000 3478 1104 3537 Servos
1127 3483 1191 3535 tuos

426 3563 551 3641 praesul,
576 3564 680 3641 Hilari,
1043 3561 1089 3621 fac
1111 3561 1235 3635 operari,

301 3684 354 3741 27.
386 3680 442 3757 Sic,
465 3688 497 3739 ut
519 3682 603 3741 beata
624 3683 748 3751 trinitas,
913 3682 973 3743 21].
1000 3679 1188 3740 Manifestata
1209 3678 1351 3753 gentibus,

385 3766 471 3826 Cuius
495 3772 538 3824 est
559 3783 614 3839 per
635 3774 663 3824 te
686 3769 792 3827 veritas
999 3766 1059 3825 Nos
1081 3767 1158 3824 locet
1178 3762 1417 3830 incaelestibus.

367 3918 443 3967 Miss.
460 3918 628 3969 Pictaviensa
647 3920 708 3984 imp.
725 3920 838 3969 Parisiis
859 3915 932 3969 1498.
946 3920 977 3969 Α.
990 3945 1024 3952 -
1035 3919 1111 3968 Miss.
1123 3918 1292 3984 Lingonense
1309 3918 1375 3986 imp.
1388 3916 1485 3973 Trecis

301 3982 375 4035 1520.
393 3986 424 4036 B.
442 4011 476 4020 —
493 3982 542 4048 21),
564 3984 580 4036 2
598 3983 661 4038 Nos‘
673 3988 743 4038 lucet
761 3988 792 4037 A.

658 4206 717 4262 777.
746 4207 790 4261 Ile
808 4206 917 4261 sanctu
934 4204 1119 4260 Kathariua.

507 4356 634 4427 Sponsus
656 4363 732 4415 amat
755 4373 900 4429 sponsam,
924 4356 1052 4413 salvator
1073 4354 1170 4412 visitat
1193 4353 1284 4425 illam,

504 4440 625 4513 Fraglat
647 4441 719 4499 udor
742 4442 843 4512 dulcis,
868 4441 940 4498 caeli
964 4442 1034 4497 daut
1055 4440 1169 4513 agmina
1190 4437 1301 4498 laudes.

368 4590 445 4640 Miss.
462 4592 711 4643 Fontisebraldense
729 4594 792 4656 imp.
810 4594 923 4643 Parisiis
946 4588 1019 4643 1606.
1039 4620 1070 4627 -
1089 4588 1106 4640 2
1123 4591 1239 4656 Flagrat.
