3409 5384
692 470 903 532 ..67-

558 684 619 742 124.
646 687 682 741 m
699 687 882 742 ascensione
902 687 1035 743 Domini.
1076 661 1078 665 ’

306 826 336 888 1.
360 828 436 886 Dum
459 829 551 901 patris
572 830 611 887 ad
634 830 764 887 dextram
788 830 882 886 vietor
904 829 1109 886 conscenderet
1131 844 1231 902 agnuS,

360 913 449 984 Ecce,
474 915 528 973 viri
551 915 622 972 clari
645 914 701 972 duo
724 915 792 971 almi
816 912 914 972 fantur
936 914 1075 972 alumnis:

432 992 494 1047 Viri
511 993 638 1059 Galliam,
657 994 724 1060 quid
741 993 919 1048 admiramini
937 993 1098 1060 aspicientes
1116 993 1146 1045 in
1164 992 1287 1045 caelum?

306 1067 337 1128 2.
361 1067 454 1126 Iudex
476 1069 620 1142 adveniet,
643 1074 742 1140 gentes
764 1075 796 1125 nt
817 1069 927 1127 indicet
948 1084 1063 1142 omnes3

429 1147 651 1214 quemadmodum
667 1147 774 1202 uidistis
792 1165 852 1201 eum
869 1147 1054 1202 ascendentem
1071 1147 1103 1198 in
1122 1147 1231 1210 caedam,

306 1223 336 1281 3.
360 1219 472 1295 Gorpus
494 1223 549 1280 hoc
571 1219 709 1297 referens,
734 1223 850 1280 caelesti
876 1225 944 1280 sede
967 1218 1121 1294 refulgens

201 1305 206 1310 “
429 1301 469 1354 itu
486 1303 572 1354 ueniet
577 1322 586 1368 ;
604 1301 731 1355 Alleluia.

272 1441 326 1491 Dio
349 1440 472 1505 gleichen
491 1442 603 1503 Quellen
626 1445 676 1493 wie
700 1443 770 1494 baim
788 1441 1021 1507 vorhergehendon
1039 1442 1155 1506 Tropus,
1181 1443 1386 1506 ausgenommon

206 1507 237 1560 G.
260 1535 294 1544 —
319 1504 348 1569 1,
372 1508 385 1559 l
406 1511 473 1560 Cum
491 1510 578 1571 CER,
601 1513 688 1573 Quum
706 1513 740 1572 F3
764 1511 797 1561 ad
816 1510 883 1560 fehlt
900 1512 977 1573 uum
1001 1511 1191 1575 quoscenderet
1207 1512 1242 1560 H.
1263 1536 1294 1544 -
1315 1509 1343 1572 l,
1371 1508 1388 1561 2

201 1577 283 1627 'almis
300 1579 333 1628 D.
354 1605 386 1612 —
405 1575 422 1627 2
440 1579 584 1629 adveniens
602 1581 623 1629 Ι.
641 1607 676 1613 -
692 1575 709 1630 3
728 1579 829 1644 Corpus
849 1579 930 1630 hocce
949 1579 1035 1628 ferens
1053 1579 1089 1640 A,
1109 1579 1231 1629 caelestis
1250 1581 1315 1629 BH.

557 1814 618 1870 125.
646 1814 682 1868 In
699 1815 883 1870 ascensione
902 1815 1036 1871 Domini.

309 1956 339 2015 1.
363 1955 480 2014 Summa
503 1954 580 2013 Deus
602 1956 695 2013 vietor
716 1956 859 2013 scandens
883 1972 945 2014 cum
969 1972 1057 2029 regna
1079 1955 1188 2030 revisit,

361 2041 489 2114 Angelus
511 2039 629 2099 adfatur
650 2041 787 2098 mirantes
811 2041 967 2113 discipulos
990 2042 1048 2098 sic:

435 2119 495 2174 Viri
511 2119 638 2184 Galilaea
655 2119 723 2187 quid
740 2120 919 2174 admiramini
936 2121 1099 2188 aspicientes
1117 2122 1149 2174 in
1167 2121 1289 2176 naalma?

309 2196 338 2255 2.
361 2195 508 2254 Adveniet
531 2195 667 2253 mundum
689 2201 758 2252 tune
779 2195 943 2253 examinare
966 2197 1143 2269 perignem,

429 2273 651 2342 quemadmodum
667 2274 775 2328 uidistis
793 2291 853 2327 eum
871 2274 1055 2329 ascendentem
1073 2277 1103 2328 in
1121 2275 1230 2340 caelum,

309 2349 338 2408 3.
361 2347 417 2420 Qui
440 2349 533 2406 crucis
555 2349 675 2407 iniurias
697 2349 840 2407 tolerabat
861 2356 889 2406 et
911 2349 1067 2424 irrisiones

429 2429 471 2481 ita
488 2429 581 2481 ueniet.

277 2567 357 2632 Trop.
374 2583 423 2618 ma.
441 2568 670 2620 Heidenhemense
688 2584 756 2619 saec.
777 2566 816 2619 11.
853 2570 916 2620 Cod.
936 2569 1064 2620 Oxonien.
1083 2569 1153 2620 Seld.
1172 2586 1252 2636 supra
1269 2566 1311 2622 27.

561 2787 623 2843 126.
651 2787 686 2840 ln
704 2788 887 2844 ascensione
904 2787 1038 2846 Domini.

214 2927 271 2987 18.
294 2926 392 2986 Hodie
414 2945 570 3001 supernum
831 2929 885 2990 lb.
913 2929 1032 2988 scandit
1054 2931 1203 2991 altithroni

294 3012 396 3071 solium
651 3097 654 3100 .
911 3012 1033 3088 genitus.

215 3168 273 3226 28.
296 3166 368 3224 Ideo
389 3166 530 3225 laudabili
827 3168 884 3228 ab.
912 3170 992 3230 Voce
1015 3185 1158 3244 canamus,
1180 3172 1240 3230 eia:

701 3299 762 3354 Viri
779 3298 905 3364 Galilaei,

213 3460 272 3518 38.
295 3458 350 3529 Qui
374 3458 481 3518 Christi
505 3459 588 3517 huius
610 3459 699 3517 eratis
775 3504 777 3508 ,
827 3459 883 3520 ab.
912 3461 995 3519 Nunc
1017 3463 1141 3520 revisere
1163 3479 1269 3535 supera
1339 3493 1344 3509 x

297 3542 392 3602 seduli
413 3544 549 3617 ministri,
911 3555 1110 3618 penetrantem
1131 3549 1222 3624 polos,

295 3622 364 3690 quid
381 3623 560 3677 minamini
912 3627 1072 3694 aspicientes
1089 3628 1121 3680 in
1138 3627 1260 3681 caelum?

210 3770 271 3826 48.
295 3765 364 3822 Iure
385 3764 481 3823 caelos
505 3767 621 3839 repetit,
828 3766 885 3827 ab.
914 3767 954 3826 Ut
975 3769 1075 3828 sedeat
1096 3787 1113 3826 a
1137 3763 1246 3828 dextris

296 3850 346 3922 qui
369 3849 498 3922 deipsis
520 3852 559 3909 ad
580 3856 673 3909 terras
687 3853 774 3912 venit.
913 3853 1018 3926 iugiter
1039 3855 1206 3927 sempiterni
1229 3857 1329 3934 patris,

296 3928 526 3997 Quemadntodum
543 3930 655 3984 uidistis
672 3947 731 3984 emn
912 3934 954 3986 itu
970 3935 1063 4000 ueniet,
1081 3934 1208 4000 Alleluia,

296 3998 480 4052 eademnam
497 3999 529 4051 in
547 3998 657 4063 caelmn,
915 4001 1040 4067 Alleluia,
1057 4003 1184 4056 Alleluia.

279 4138 360 4203 Trop.
378 4154 428 4188 ms.
445 4138 584 4190 Mindense
602 4144 666 4192 anni
688 4140 761 4195 1024.
797 4144 861 4194 Ood.
881 4143 1031 4194 Berolinen.
1048 4143 1140 4193 Theol.
1160 4145 1198 4193 IV
1220 4139 1259 4192 ll.
1278 4141 1309 4192 A.

630 4362 692 4418 127.
719 4362 755 4417 In
773 4364 970 4420 Pentecoste.

314 4501 344 4561 1.
366 4501 527 4576 Discipulis
548 4502 676 4564 flammas
698 4502 852 4564 infundens
876 4507 995 4564 caelitus
1018 4507 1108 4567 almas

435 4583 558 4651 Spiritus
575 4582 692 4639 Domini
708 4585 819 4651 repleuit
836 4586 923 4641 orbem
942 4591 1086 4650 unaarum,

1196 4669 1234 4724 5*
