<?xml version="1.0" encoding="UTF-8"?>
<!DOCTYPE html PUBLIC "-//W3C//DTD XHTML 1.0 Transitional//EN"
    "http://www.w3.org/TR/xhtml1/DTD/xhtml1-transitional.dtd">
<html xmlns="http://www.w3.org/1999/xhtml" xml:lang="en" lang="en">
 <head>
  <title>
</title>
<meta http-equiv="Content-Type" content="text/html;charset=utf-8" />
  <meta name='ocr-system' content='tesseract 3.04.00' />
  <meta name='ocr-capabilities' content='ocr_page ocr_carea ocr_par ocr_line ocrx_word'/>
</head>
<body>
  <div class='ocr_page' id='page_1' title='image "./tropigradualest00blumgoog_0188.png"; bbox 0 0 3409 5384; ppageno 0'>
   <div class='ocr_carea' id='block_1_1' title="bbox 791 551 1022 614">
    <p class='ocr_par' dir='ltr' id='par_1_1' title="bbox 791 551 1022 614">
     <span class='ocr_line' id='line_1_1' title="bbox 791 551 1022 614; baseline 0 -1"><span class='ocrx_word' id='word_1_1' title='bbox 791 551 1022 614; x_wconf 77' lang='lat'>-182-</span> 
     </span>
    </p>
   </div>
   <div class='ocr_carea' id='block_1_2' title="bbox 317 723 1511 1278">
    <p class='ocr_par' dir='ltr' id='par_1_2' title="bbox 317 723 1511 1278">
     <span class='ocr_line' id='line_1_2' title="bbox 598 723 1047 796; baseline -0.007 -12"><span class='ocrx_word' id='word_1_2' title='bbox 598 728 627 785; x_wconf 84' lang='lat'>5.</span> <span class='ocrx_word' id='word_1_3' title='bbox 651 723 733 782; x_wconf 87' lang='lat' dir='ltr'>Nova</span> <span class='ocrx_word' id='word_1_4' title='bbox 756 725 840 782; x_wconf 87' lang='lat' dir='ltr'>stella</span> <span class='ocrx_word' id='word_1_5' title='bbox 863 724 944 782; x_wconf 82' lang='lat' dir='ltr'>duxit</span> <span class='ocrx_word' id='word_1_6' title='bbox 967 740 1047 796; x_wconf 89' lang='lat' dir='ltr'>reges</span> 
     </span>
     <span class='ocr_line' id='line_1_3' title="bbox 651 809 1086 885; baseline 0.005 -19"><span class='ocrx_word' id='word_1_7' title='bbox 651 809 723 867; x_wconf 89' lang='lat' dir='ltr'>Tres</span> <span class='ocrx_word' id='word_1_8' title='bbox 745 811 863 885; x_wconf 88' lang='lat' dir='ltr'>peritos,</span> <span class='ocrx_word' id='word_1_9' title='bbox 888 810 939 868; x_wconf 89' lang='lat' dir='ltr'>sed</span> <span class='ocrx_word' id='word_1_10' title='bbox 963 811 1086 882; x_wconf 81' lang='lat' dir='ltr'>exleges,</span> 
     </span>
     <span class='ocr_line' id='line_1_4' title="bbox 651 895 1220 971; baseline -0.002 -18"><span class='ocrx_word' id='word_1_11' title='bbox 651 895 751 954; x_wconf 87' lang='lat' dir='ltr'>Plures</span> <span class='ocrx_word' id='word_1_12' title='bbox 775 910 871 952; x_wconf 89' lang='lat' dir='ltr'>secum</span> <span class='ocrx_word' id='word_1_13' title='bbox 896 895 1003 952; x_wconf 88' lang='lat' dir='ltr'>ducunt</span> <span class='ocrx_word' id='word_1_14' title='bbox 1025 911 1136 971; x_wconf 83' lang='lat' dir='ltr'>greges.</span> <span class='ocrx_word' id='word_1_15' title='bbox 1217 957 1220 961; x_wconf 59' lang='grc'><strong>,</strong></span> 
     </span>
     <span class='ocr_line' id='line_1_5' title="bbox 317 973 1511 1044; baseline 0 -16"><span class='ocrx_word' id='word_1_16' title='bbox 317 975 392 1028; x_wconf 81' lang='lat' dir='ltr'>Lesa</span> <span class='ocrx_word' id='word_1_17' title='bbox 404 974 436 1027; x_wconf 85' lang='lat' dir='ltr'>im</span> <span class='ocrx_word' id='word_1_18' title='bbox 448 974 563 1029; x_wconf 80' lang='lat' dir='ltr'>circuita</span> <span class='ocrx_word' id='word_1_19' title='bbox 576 973 666 1029; x_wconf 81' lang='lat' dir='ltr'>oeulos</span> <span class='ocrx_word' id='word_1_20' title='bbox 678 979 742 1028; x_wconf 86' lang='lat' dir='ltr'>luas</span> <span class='ocrx_word' id='word_1_21' title='bbox 754 979 779 1028; x_wconf 87' lang='lat' dir='ltr'>et</span> <span class='ocrx_word' id='word_1_22' title='bbox 789 974 861 1041; x_wconf 75' lang='lat' dir='ltr'>uide5</span> <span class='ocrx_word' id='word_1_23' title='bbox 877 979 968 1028; x_wconf 74' lang='lat' dir='ltr'>abarim</span> <span class='ocrx_word' id='word_1_24' title='bbox 980 975 1028 1027; x_wconf 85' lang='lat' dir='ltr'>isti</span> <span class='ocrx_word' id='word_1_25' title='bbox 1041 974 1197 1044; x_wconf 71' lang='lat' dir='ltr'>congregati</span> <span class='ocrx_word' id='word_1_26' title='bbox 1208 980 1281 1039; x_wconf 78' lang='lat' dir='ltr'>suat,</span> <span class='ocrx_word' id='word_1_27' title='bbox 1294 979 1430 1028; x_wconf 75' lang='lat' dir='ltr'>immani</span> <span class='ocrx_word' id='word_1_28' title='bbox 1441 975 1500 1028; x_wconf 85' lang='lat' dir='ltr'>tibi</span> <span class='ocrx_word' id='word_1_29' title='bbox 1503 993 1511 1041; x_wconf 88' lang='lat'><strong><em>;</em></strong></span> 
     </span>
     <span class='ocr_line' id='line_1_6' title="bbox 597 1048 1034 1118; baseline -0.007 -9"><span class='ocrx_word' id='word_1_30' title='bbox 597 1051 626 1109; x_wconf 82' lang='grc'>6.</span> <span class='ocrx_word' id='word_1_31' title='bbox 650 1049 674 1108; x_wconf 91' lang='lat' dir='ltr'>O</span> <span class='ocrx_word' id='word_1_32' title='bbox 698 1048 815 1118; x_wconf 87' lang='lat' dir='ltr'>Iudaea,</span> <span class='ocrx_word' id='word_1_33' title='bbox 839 1050 903 1106; x_wconf 84' lang='lat' dir='ltr'>leva</span> <span class='ocrx_word' id='word_1_34' title='bbox 925 1055 1034 1106; x_wconf 84' lang='lat' dir='ltr'>mentes</span> 
     </span>
     <span class='ocr_line' id='line_1_7' title="bbox 650 1134 1021 1207; baseline 0 -16"><span class='ocrx_word' id='word_1_35' title='bbox 650 1135 831 1192; x_wconf 79' lang='lat' dir='ltr'>Intellectum</span> <span class='ocrx_word' id='word_1_36' title='bbox 855 1134 1021 1207; x_wconf 83' lang='lat' dir='ltr'>caligantes,</span> 
     </span>
     <span class='ocr_line' id='line_1_8' title="bbox 649 1219 1027 1278; baseline -0.005 -1"><span class='ocrx_word' id='word_1_37' title='bbox 649 1219 697 1277; x_wconf 86' lang='lat' dir='ltr'>Ad</span> <span class='ocrx_word' id='word_1_38' title='bbox 720 1219 856 1277; x_wconf 83' lang='lat' dir='ltr'>Messium</span> <span class='ocrx_word' id='word_1_39' title='bbox 879 1219 1027 1278; x_wconf 88' lang='lat' dir='ltr'>venientes</span> 
     </span>
    </p>
   </div>
   <div class='ocr_carea' id='block_1_3' title="bbox 318 1303 1223 1533">
    <p class='ocr_par' dir='ltr' id='par_1_3' title="bbox 318 1303 1223 1533">
     <span class='ocr_line' id='line_1_9' title="bbox 650 1303 988 1378; baseline 0 -16"><span class='ocrx_word' id='word_1_40' title='bbox 650 1303 769 1363; x_wconf 87' lang='lat' dir='ltr'>Alienae</span> <span class='ocrx_word' id='word_1_41' title='bbox 791 1304 859 1363; x_wconf 88' lang='lat' dir='ltr'>vide</span> <span class='ocrx_word' id='word_1_42' title='bbox 881 1311 988 1378; x_wconf 87' lang='lat' dir='ltr'>gentes.</span> 
     </span>
     <span class='ocr_line' id='line_1_10' title="bbox 318 1381 1223 1453; baseline -0.001 -17"><span class='ocrx_word' id='word_1_43' title='bbox 318 1383 391 1436; x_wconf 84' lang='lat' dir='ltr'>Filii</span> <span class='ocrx_word' id='word_1_44' title='bbox 407 1382 451 1437; x_wconf 83' lang='lat' dir='ltr'>iai</span> <span class='ocrx_word' id='word_1_45' title='bbox 469 1381 500 1436; x_wconf 92' lang='lat' dir='ltr'>de</span> <span class='ocrx_word' id='word_1_46' title='bbox 517 1381 594 1453; x_wconf 78' lang='lat' dir='ltr'>loape</span> <span class='ocrx_word' id='word_1_47' title='bbox 611 1383 724 1449; x_wconf 84' lang='lat' dir='ltr'>eemiemt,</span> <span class='ocrx_word' id='word_1_48' title='bbox 742 1390 766 1437; x_wconf 88' lang='lat' dir='ltr'>et</span> <span class='ocrx_word' id='word_1_49' title='bbox 783 1383 854 1452; x_wconf 74' lang='lat' dir='ltr'>filiae</span> <span class='ocrx_word' id='word_1_50' title='bbox 872 1389 934 1436; x_wconf 87' lang='lat' dir='ltr'>luae</span> <span class='ocrx_word' id='word_1_51' title='bbox 951 1382 983 1436; x_wconf 87' lang='lat' dir='ltr'>de</span> <span class='ocrx_word' id='word_1_52' title='bbox 1001 1383 1082 1437; x_wconf 82' lang='lat' dir='ltr'>latere</span> <span class='ocrx_word' id='word_1_53' title='bbox 1099 1386 1223 1450; x_wconf 60' lang='lat' dir='ltr'>caracam</span> 
     </span>
     <span class='ocr_line' id='line_1_11' title="bbox 603 1455 1100 1533; baseline -0.006 -17"><span class='ocrx_word' id='word_1_54' title='bbox 603 1459 630 1516; x_wconf 85' lang='grc'>7.</span> <span class='ocrx_word' id='word_1_55' title='bbox 655 1457 733 1517; x_wconf 88' lang='lat' dir='ltr'>Gens</span> <span class='ocrx_word' id='word_1_56' title='bbox 755 1458 908 1531; x_wconf 83' lang='lat' dir='ltr'>longinqua</span> <span class='ocrx_word' id='word_1_57' title='bbox 931 1455 1100 1533; x_wconf 75' lang='lat' dir='ltr'>luitnotus,</span> 
     </span>
    </p>
   </div>
   <div class='ocr_carea' id='block_1_4' title="bbox 651 1541 1010 1701">
    <p class='ocr_par' dir='ltr' id='par_1_4' title="bbox 651 1541 1010 1701">
     <span class='ocr_line' id='line_1_12' title="bbox 652 1541 984 1619; baseline -0.006 -18"><span class='ocrx_word' id='word_1_58' title='bbox 652 1542 802 1618; x_wconf 86' lang='lat' dir='ltr'>Synagoga</span> <span class='ocrx_word' id='word_1_59' title='bbox 824 1541 879 1600; x_wconf 88' lang='lat' dir='ltr'>fuit</span> <span class='ocrx_word' id='word_1_60' title='bbox 901 1544 984 1619; x_wconf 84' lang='lat' dir='ltr'>latus,</span> 
     </span>
     <span class='ocr_line' id='line_1_13' title="bbox 651 1627 1010 1701; baseline 0 -17"><span class='ocrx_word' id='word_1_61' title='bbox 651 1627 727 1685; x_wconf 87' lang='lat' dir='ltr'>Filia</span> <span class='ocrx_word' id='word_1_62' title='bbox 749 1644 830 1701; x_wconf 86' lang='lat' dir='ltr'>grex,</span> <span class='ocrx_word' id='word_1_63' title='bbox 853 1629 1010 1686; x_wconf 86' lang='lat' dir='ltr'>advocatas</span> 
     </span>
    </p>
   </div>
   <div class='ocr_carea' id='block_1_5' title="bbox 651 1712 1082 1786">
    <p class='ocr_par' dir='ltr' id='par_1_5' title="bbox 651 1712 1082 1786">
     <span class='ocr_line' id='line_1_14' title="bbox 651 1712 1082 1786; baseline -0.002 -15"><span class='ocrx_word' id='word_1_64' title='bbox 651 1712 745 1786; x_wconf 83' lang='lat' dir='ltr'>Orbis,</span> <span class='ocrx_word' id='word_1_65' title='bbox 767 1731 784 1771; x_wconf 88' lang='lat' dir='ltr'>a</span> <span class='ocrx_word' id='word_1_66' title='bbox 806 1728 862 1786; x_wconf 86' lang='lat' dir='ltr'>quo</span> <span class='ocrx_word' id='word_1_67' title='bbox 884 1720 927 1770; x_wconf 91' lang='lat' dir='ltr'>est</span> <span class='ocrx_word' id='word_1_68' title='bbox 950 1713 1082 1771; x_wconf 88' lang='lat' dir='ltr'>lactatus.</span> 
     </span>
    </p>
   </div>
   <div class='ocr_carea' id='block_1_6' title="bbox 326 1790 1505 1928">
    <p class='ocr_par' dir='ltr' id='par_1_6' title="bbox 326 1790 1505 1928">
     <span class='ocr_line' id='line_1_15' title="bbox 326 1790 1505 1912; baseline 0.002 -68"><span class='ocrx_word' id='word_1_69' title='bbox 326 1791 406 1846; x_wconf 79' lang='lat' dir='ltr'>Tame</span> <span class='ocrx_word' id='word_1_70' title='bbox 423 1790 524 1852; x_wconf 76' lang='lat' dir='ltr'>ridebis</span> <span class='ocrx_word' id='word_1_71' title='bbox 543 1798 566 1871; x_wconf 78' lang='lat' dir='ltr'>et</span> <span class='ocrx_word' id='word_1_72' title='bbox 583 1794 689 1912; x_wconf 50' lang='lat' dir='ltr'>aglaes,</span> <span class='ocrx_word' id='word_1_73' title='bbox 714 1798 737 1845; x_wconf 88' lang='lat' dir='ltr'>et</span> <span class='ocrx_word' id='word_1_74' title='bbox 754 1793 943 1872; x_wconf 35' lang='lat' dir='ltr'>mirabitar&#39;it</span> <span class='ocrx_word' id='word_1_75' title='bbox 961 1792 1125 1870; x_wconf 67' lang='lat' dir='ltr'>dilatabitur</span> <span class='ocrx_word' id='word_1_76' title='bbox 1142 1806 1188 1870; x_wconf 80' lang='lat' dir='ltr'>aar¹</span> <span class='ocrx_word' id='word_1_77' title='bbox 1205 1796 1289 1856; x_wconf 81' lang='lat' dir='ltr'>taam,</span> <span class='ocrx_word' id='word_1_78' title='bbox 1308 1791 1422 1871; x_wconf 64' lang='lat' dir='ltr'>amando</span> <span class='ocrx_word' id='word_1_79' title='bbox 1439 1809 1505 1846; x_wconf 83' lang='lat' dir='ltr'>com-</span> 
     </span>
     <span class='ocr_line' id='line_1_16' title="bbox 387 1859 1433 1928; baseline -0.002 -14"><span class='ocrx_word' id='word_1_80' title='bbox 387 1876 465 1914; x_wconf 81' lang='lat' dir='ltr'>aersa</span> <span class='ocrx_word' id='word_1_81' title='bbox 483 1862 600 1928; x_wconf 79' lang='lat' dir='ltr'>fmmta</span> <span class='ocrx_word' id='word_1_82' title='bbox 640 1865 664 1913; x_wconf 87' lang='lat' dir='ltr'>le</span> <span class='ocrx_word' id='word_1_83' title='bbox 680 1860 826 1914; x_wconf 77' lang='lat' dir='ltr'>inaltatuda</span> <span class='ocrx_word' id='word_1_84' title='bbox 844 1876 938 1924; x_wconf 82' lang='lat' dir='ltr'>maris,</span> <span class='ocrx_word' id='word_1_85' title='bbox 959 1859 1095 1928; x_wconf 75' lang='lat' dir='ltr'>fortitudo</span> <span class='ocrx_word' id='word_1_86' title='bbox 1112 1865 1232 1928; x_wconf 76' lang='lat' dir='ltr'>gentiam</span> <span class='ocrx_word' id='word_1_87' title='bbox 1249 1865 1349 1914; x_wconf 73' lang='lat' dir='ltr'>venera</span> <span class='ocrx_word' id='word_1_88' title='bbox 1366 1859 1433 1927; x_wconf 67' lang='lat' dir='ltr'>aba,</span> 
     </span>
    </p>
   </div>
   <div class='ocr_carea' id='block_1_7' title="bbox 601 1934 1163 2178">
    <p class='ocr_par' dir='ltr' id='par_1_7' title="bbox 601 1934 1163 2178">
     <span class='ocr_line' id='line_1_17' title="bbox 601 1934 1019 2009; baseline -0.01 -15"><span class='ocrx_word' id='word_1_89' title='bbox 601 1936 630 1995; x_wconf 89' lang='grc'>8.</span> <span class='ocrx_word' id='word_1_90' title='bbox 655 1934 759 2007; x_wconf 84' lang='lat' dir='ltr'>Coepit</span> <span class='ocrx_word' id='word_1_91' title='bbox 781 1935 848 1994; x_wconf 89' lang='lat' dir='ltr'>Sion</span> <span class='ocrx_word' id='word_1_92' title='bbox 872 1935 1019 2009; x_wconf 88' lang='lat' dir='ltr'>admirari,</span> 
     </span>
     <span class='ocr_line' id='line_1_18' title="bbox 653 2019 1029 2095; baseline -0.005 -16"><span class='ocrx_word' id='word_1_93' title='bbox 653 2019 750 2079; x_wconf 86' lang='lat' dir='ltr'>Fortis</span> <span class='ocrx_word' id='word_1_94' title='bbox 777 2035 869 2093; x_wconf 86' lang='lat' dir='ltr'>neque</span> <span class='ocrx_word' id='word_1_95' title='bbox 889 2021 1029 2095; x_wconf 86' lang='lat' dir='ltr'>adamari,</span> 
     </span>
     <span class='ocr_line' id='line_1_19' title="bbox 655 2105 1163 2178; baseline -0.004 -15"><span class='ocrx_word' id='word_1_96' title='bbox 655 2105 726 2163; x_wconf 86' lang='lat' dir='ltr'>Cam</span> <span class='ocrx_word' id='word_1_97' title='bbox 749 2107 893 2163; x_wconf 89' lang='lat' dir='ltr'>venissent</span> <span class='ocrx_word' id='word_1_98' title='bbox 915 2107 952 2163; x_wconf 91' lang='lat' dir='ltr'>ad</span> <span class='ocrx_word' id='word_1_99' title='bbox 977 2105 1050 2163; x_wconf 88' lang='lat' dir='ltr'>hanc</span> <span class='ocrx_word' id='word_1_100' title='bbox 1071 2106 1163 2178; x_wconf 88' lang='lat' dir='ltr'>legem</span> 
     </span>
    </p>
   </div>
   <div class='ocr_carea' id='block_1_8' title="bbox 318 2190 1290 2416">
    <p class='ocr_par' dir='ltr' id='par_1_8' title="bbox 318 2190 1290 2416">
     <span class='ocr_line' id='line_1_20' title="bbox 651 2190 1186 2266; baseline 0.004 -18"><span class='ocrx_word' id='word_1_101' title='bbox 651 2190 691 2248; x_wconf 85' lang='lat' dir='ltr'>Et</span> <span class='ocrx_word' id='word_1_102' title='bbox 712 2190 751 2248; x_wconf 87' lang='lat' dir='ltr'>ad</span> <span class='ocrx_word' id='word_1_103' title='bbox 774 2190 930 2266; x_wconf 84' lang='lat' dir='ltr'>Christum,</span> <span class='ocrx_word' id='word_1_104' title='bbox 954 2207 1057 2249; x_wconf 86' lang='lat' dir='ltr'>novum</span> <span class='ocrx_word' id='word_1_105' title='bbox 1080 2206 1186 2262; x_wconf 88' lang='lat' dir='ltr'>regem.</span> 
     </span>
     <span class='ocr_line' id='line_1_21' title="bbox 318 2267 1290 2338; baseline 0 -16"><span class='ocrx_word' id='word_1_106' title='bbox 318 2267 474 2336; x_wconf 75' lang='lat' dir='ltr'>Imamdaiip</span> <span class='ocrx_word' id='word_1_107' title='bbox 493 2271 657 2324; x_wconf 76' lang='lat' dir='ltr'>camelorum</span> <span class='ocrx_word' id='word_1_108' title='bbox 674 2271 773 2335; x_wconf 86' lang='lat' dir='ltr'>aperiet</span> <span class='ocrx_word' id='word_1_109' title='bbox 790 2275 820 2336; x_wconf 87' lang='lat' dir='ltr'>te,</span> <span class='ocrx_word' id='word_1_110' title='bbox 839 2269 1005 2323; x_wconf 73' lang='lat' dir='ltr'>dromedarii</span> <span class='ocrx_word' id='word_1_111' title='bbox 1022 2269 1141 2323; x_wconf 79' lang='lat' dir='ltr'>Madian</span> <span class='ocrx_word' id='word_1_112' title='bbox 1158 2275 1182 2322; x_wconf 84' lang='lat' dir='ltr'>at</span> <span class='ocrx_word' id='word_1_113' title='bbox 1199 2269 1290 2338; x_wconf 74' lang='lat' dir='ltr'>pra,</span> 
     </span>
     <span class='ocr_line' id='line_1_22' title="bbox 599 2343 1027 2416; baseline -0.007 -12"><span class='ocrx_word' id='word_1_114' title='bbox 599 2346 628 2406; x_wconf 89' lang='lat'>9.</span> <span class='ocrx_word' id='word_1_115' title='bbox 651 2344 720 2403; x_wconf 88' lang='lat' dir='ltr'>Ritu</span> <span class='ocrx_word' id='word_1_116' title='bbox 743 2360 794 2402; x_wconf 89' lang='lat' dir='ltr'>suo</span> <span class='ocrx_word' id='word_1_117' title='bbox 816 2359 885 2416; x_wconf 86' lang='lat' dir='ltr'>gens</span> <span class='ocrx_word' id='word_1_118' title='bbox 908 2343 1027 2416; x_wconf 83' lang='lat' dir='ltr'>gibboso</span> 
     </span>
    </p>
   </div>
   <div class='ocr_carea' id='block_1_9' title="bbox 651 2428 1032 2592">
    <p class='ocr_par' dir='ltr' id='par_1_9' title="bbox 651 2428 1032 2592">
     <span class='ocr_line' id='line_1_23' title="bbox 651 2428 1017 2501; baseline 0 -15"><span class='ocrx_word' id='word_1_119' title='bbox 651 2429 698 2486; x_wconf 80' lang='lat' dir='ltr'>Ad</span> <span class='ocrx_word' id='word_1_120' title='bbox 722 2428 878 2501; x_wconf 84' lang='lat' dir='ltr'>baptistam</span> <span class='ocrx_word' id='word_1_121' title='bbox 901 2429 1017 2501; x_wconf 83' lang='lat' dir='ltr'>copiosa</span> 
     </span>
     <span class='ocr_line' id='line_1_24' title="bbox 653 2511 1032 2592; baseline -0.005 -18"><span class='ocrx_word' id='word_1_122' title='bbox 653 2514 813 2592; x_wconf 75' lang='lat' dir='ltr'>Fabiam,</span> <span class='ocrx_word' id='word_1_123' title='bbox 836 2513 869 2572; x_wconf 89' lang='lat' dir='ltr'>fit</span> <span class='ocrx_word' id='word_1_124' title='bbox 891 2511 1032 2588; x_wconf 83' lang='lat' dir='ltr'>formose;</span> 
     </span>
    </p>
   </div>
   <div class='ocr_carea' id='block_1_10' title="bbox 652 2599 1039 2660">
    <p class='ocr_par' dir='ltr' id='par_1_10' title="bbox 652 2599 1039 2660">
     <span class='ocr_line' id='line_1_25' title="bbox 652 2599 1039 2660; baseline 0.003 -2"><span class='ocrx_word' id='word_1_125' title='bbox 652 2600 724 2658; x_wconf 88' lang='lat' dir='ltr'>luda</span> <span class='ocrx_word' id='word_1_126' title='bbox 746 2605 856 2657; x_wconf 88' lang='lat' dir='ltr'>marcet</span> <span class='ocrx_word' id='word_1_127' title='bbox 879 2599 1039 2660; x_wconf 86' lang='lat' dir='ltr'>tenebrosa.</span> 
     </span>
    </p>
   </div>
   <div class='ocr_carea' id='block_1_11' title="bbox 320 2677 1495 2813">
    <p class='ocr_par' dir='ltr' id='par_1_11' title="bbox 320 2677 1495 2813">
     <span class='ocr_line' id='line_1_26' title="bbox 320 2677 1495 2800; baseline -0.003 -68"><span class='ocrx_word' id='word_1_128' title='bbox 320 2678 418 2800; x_wconf 60' lang='lat' dir='ltr'>Oroates</span> <span class='ocrx_word' id='word_1_129' title='bbox 436 2677 468 2798; x_wconf 60' lang='lat' dir='ltr'>dte</span> <span class='ocrx_word' id='word_1_130' title='bbox 480 2677 557 2732; x_wconf 83' lang='lat' dir='ltr'>Saba</span> <span class='ocrx_word' id='word_1_131' title='bbox 574 2680 681 2734; x_wconf 77' lang='lat' dir='ltr'>dealem</span> <span class='ocrx_word' id='word_1_132' title='bbox 698 2695 798 2732; x_wconf 80' lang='lat' dir='ltr'>aarum</span> <span class='ocrx_word' id='word_1_133' title='bbox 816 2685 840 2732; x_wconf 84' lang='lat' dir='ltr'>et</span> <span class='ocrx_word' id='word_1_134' title='bbox 858 2684 904 2731; x_wconf 82' lang='lat' dir='ltr'>tas</span> <span class='ocrx_word' id='word_1_135' title='bbox 923 2678 1068 2747; x_wconf 72' lang='lat' dir='ltr'>deferentes</span> <span class='ocrx_word' id='word_1_136' title='bbox 1085 2683 1109 2733; x_wconf 86' lang='lat' dir='ltr'>et</span> <span class='ocrx_word' id='word_1_137' title='bbox 1126 2678 1235 2732; x_wconf 81' lang='lat' dir='ltr'>laudem</span> <span class='ocrx_word' id='word_1_138' title='bbox 1245 2677 1369 2732; x_wconf 75' lang='lat' dir='ltr'>Domina</span> <span class='ocrx_word' id='word_1_139' title='bbox 1387 2693 1495 2731; x_wconf 74' lang='grc'><strong>1111111111.</strong></span> 
     </span>
     <span class='ocr_line' id='line_1_27' title="bbox 399 2761 504 2813; baseline -0.019 -12"><span class='ocrx_word' id='word_1_140' title='bbox 399 2763 446 2801; x_wconf 81' lang='lat' dir='ltr'>ran</span> <span class='ocrx_word' id='word_1_141' title='bbox 460 2761 504 2813; x_wconf 84' lang='lat' dir='ltr'>es;</span> 
     </span>
    </p>
   </div>
   <div class='ocr_carea' id='block_1_12' title="bbox 577 2819 1177 3150">
    <p class='ocr_par' dir='ltr' id='par_1_12' title="bbox 577 2819 1177 3150">
     <span class='ocr_line' id='line_1_28' title="bbox 577 2819 1109 2898; baseline -0.008 -17"><span class='ocrx_word' id='word_1_142' title='bbox 577 2822 626 2883; x_wconf 91' lang='lat'>10.</span> <span class='ocrx_word' id='word_1_143' title='bbox 649 2821 731 2891; x_wconf 79' lang='lat' dir='ltr'>Quod</span> <span class='ocrx_word' id='word_1_144' title='bbox 753 2820 900 2896; x_wconf 80' lang='lat' dir='ltr'>praedixit</span> <span class='ocrx_word' id='word_1_145' title='bbox 922 2820 959 2878; x_wconf 93' lang='lat' dir='ltr'>de</span> <span class='ocrx_word' id='word_1_146' title='bbox 981 2819 1109 2898; x_wconf 88' lang='lat' dir='ltr'>Sabaeis,</span> 
     </span>
     <span class='ocr_line' id='line_1_29' title="bbox 650 2907 1014 2979; baseline -0.003 -15"><span class='ocrx_word' id='word_1_147' title='bbox 650 2907 728 2979; x_wconf 82' lang='lat' dir='ltr'>Rege</span> <span class='ocrx_word' id='word_1_148' title='bbox 750 2914 818 2965; x_wconf 90' lang='lat' dir='ltr'>nato</span> <span class='ocrx_word' id='word_1_149' title='bbox 841 2908 877 2964; x_wconf 90' lang='lat' dir='ltr'>dc</span> <span class='ocrx_word' id='word_1_150' title='bbox 899 2907 1014 2965; x_wconf 88' lang='lat' dir='ltr'>ludaeis</span> 
     </span>
     <span class='ocr_line' id='line_1_30' title="bbox 650 2991 1177 3064; baseline -0.004 -15"><span class='ocrx_word' id='word_1_151' title='bbox 650 2992 739 3051; x_wconf 88' lang='lat' dir='ltr'>Trina</span> <span class='ocrx_word' id='word_1_152' title='bbox 761 2992 867 3049; x_wconf 90' lang='lat' dir='ltr'>trinum</span> <span class='ocrx_word' id='word_1_153' title='bbox 890 2998 950 3049; x_wconf 90' lang='lat' dir='ltr'>tres</span> <span class='ocrx_word' id='word_1_154' title='bbox 973 2991 1044 3049; x_wconf 87' lang='lat' dir='ltr'>dant</span> <span class='ocrx_word' id='word_1_155' title='bbox 1065 3007 1177 3064; x_wconf 86' lang='lat' dir='ltr'>manus,</span> 
     </span>
     <span class='ocr_line' id='line_1_31' title="bbox 650 3076 1157 3150; baseline 0.006 -17"><span class='ocrx_word' id='word_1_156' title='bbox 650 3076 713 3149; x_wconf 76' lang='lat' dir='ltr'>Qui,</span> <span class='ocrx_word' id='word_1_157' title='bbox 739 3093 800 3134; x_wconf 92' lang='lat' dir='ltr'>cum</span> <span class='ocrx_word' id='word_1_158' title='bbox 824 3077 917 3135; x_wconf 91' lang='lat' dir='ltr'>trinas</span> <span class='ocrx_word' id='word_1_159' title='bbox 940 3076 986 3150; x_wconf 90' lang='lat' dir='ltr'>sit,</span> <span class='ocrx_word' id='word_1_160' title='bbox 1010 3082 1157 3137; x_wconf 79' lang='lat' dir='ltr'>estuans</span> 
     </span>
    </p>
   </div>
   <div class='ocr_carea' id='block_1_13' title="bbox 652 3280 1153 3532">
    <p class='ocr_par' dir='ltr' id='par_1_13' title="bbox 652 3280 1153 3532">
     <span class='ocr_line' id='line_1_32' title="bbox 652 3280 1064 3352; baseline 0 -14"><span class='ocrx_word' id='word_1_161' title='bbox 652 3280 763 3338; x_wconf 87' lang='lat' dir='ltr'>Nomen</span> <span class='ocrx_word' id='word_1_162' title='bbox 787 3281 847 3338; x_wconf 88' lang='lat' dir='ltr'>eius</span> <span class='ocrx_word' id='word_1_163' title='bbox 871 3282 1064 3352; x_wconf 82' lang='lat' dir='ltr'>decantemus,</span> 
     </span>
     <span class='ocr_line' id='line_1_33' title="bbox 652 3366 1029 3439; baseline -0.005 -15"><span class='ocrx_word' id='word_1_164' title='bbox 652 3366 705 3424; x_wconf 87' lang='lat' dir='ltr'>Cui</span> <span class='ocrx_word' id='word_1_165' title='bbox 728 3366 817 3425; x_wconf 85' lang='lat' dir='ltr'>virtus</span> <span class='ocrx_word' id='word_1_166' title='bbox 840 3371 870 3424; x_wconf 88' lang='lat' dir='ltr'>et</span> <span class='ocrx_word' id='word_1_167' title='bbox 891 3372 1029 3439; x_wconf 88' lang='lat' dir='ltr'>potestas,</span> 
     </span>
     <span class='ocr_line' id='line_1_34' title="bbox 652 3451 1153 3532; baseline -0.006 -23"><span class='ocrx_word' id='word_1_168' title='bbox 652 3451 758 3528; x_wconf 88' lang='lat' dir='ltr'>Decus,</span> <span class='ocrx_word' id='word_1_169' title='bbox 779 3451 872 3510; x_wconf 89' lang='lat' dir='ltr'>honor</span> <span class='ocrx_word' id='word_1_170' title='bbox 893 3457 922 3508; x_wconf 89' lang='lat' dir='ltr'>et</span> <span class='ocrx_word' id='word_1_171' title='bbox 943 3451 1086 3509; x_wconf 87' lang='lat' dir='ltr'>maiestas</span> <span class='ocrx_word' id='word_1_172' title='bbox 1150 3523 1153 3532; x_wconf 23' lang='grc' dir='ltr'>ι</span> 
     </span>
    </p>
   </div>
   <div class='ocr_carea' id='block_1_14' title="bbox 578 3195 1071 3272">
    <p class='ocr_par' dir='ltr' id='par_1_14' title="bbox 578 3143 1596 3394">
     <span class='ocr_line' id='line_1_35' title="bbox 578 3195 1071 3272; baseline -0.008 -16"><span class='ocrx_word' id='word_1_173' title='bbox 578 3196 627 3256; x_wconf 91' lang='grc'>11.</span> <span class='ocrx_word' id='word_1_174' title='bbox 651 3195 765 3254; x_wconf 87' lang='lat' dir='ltr'>Laudes</span> <span class='ocrx_word' id='word_1_175' title='bbox 788 3211 855 3268; x_wconf 89' lang='lat' dir='ltr'>ergo</span> <span class='ocrx_word' id='word_1_176' title='bbox 878 3196 941 3254; x_wconf 87' lang='lat' dir='ltr'>Deo</span> <span class='ocrx_word' id='word_1_177' title='bbox 963 3195 1071 3272; x_wconf 88' lang='lat' dir='ltr'>demas,</span> 
     </span>
    </p>
   </div>
   <div class='ocr_carea' id='block_1_15' title="bbox 317 3581 1594 3924">
    <p class='ocr_par' dir='ltr' id='par_1_15' title="bbox 317 3581 1594 3924">
     <span class='ocr_line' id='line_1_36' title="bbox 387 3581 1594 3657; baseline -0.001 -24"><span class='ocrx_word' id='word_1_178' title='bbox 387 3584 466 3649; x_wconf 85' lang='lat' dir='ltr'>Trop</span> <span class='ocrx_word' id='word_1_179' title='bbox 486 3589 513 3634; x_wconf 88' lang='lat' dir='ltr'>et</span> <span class='ocrx_word' id='word_1_180' title='bbox 529 3584 635 3635; x_wconf 87' lang='lat' dir='ltr'>Prosar.</span> <span class='ocrx_word' id='word_1_181' title='bbox 653 3601 700 3634; x_wconf 90' lang='lat' dir='ltr'>ms.</span> <span class='ocrx_word' id='word_1_182' title='bbox 720 3586 937 3636; x_wconf 83' lang='lat' dir='ltr'>Claromontense</span> <span class='ocrx_word' id='word_1_183' title='bbox 954 3600 1023 3635; x_wconf 83' lang='lat' dir='ltr'>saec</span> <span class='ocrx_word' id='word_1_184' title='bbox 1044 3582 1085 3634; x_wconf 85' lang='lat'>15</span> <span class='ocrx_word' id='word_1_185' title='bbox 1115 3584 1180 3635; x_wconf 86' lang='lat' dir='ltr'>Cod.</span> <span class='ocrx_word' id='word_1_186' title='bbox 1195 3584 1391 3636; x_wconf 76' lang='lat' dir='ltr'>claromonten.</span> <span class='ocrx_word' id='word_1_187' title='bbox 1407 3581 1487 3634; x_wconf 77' lang='grc'>51-</span> <span class='ocrx_word' id='word_1_188' title='bbox 1593 3600 1594 3657; x_wconf 56' lang='lat' dir='ltr'>t</span> 
     </span>
     <span class='ocr_line' id='line_1_37' title="bbox 317 3649 1487 3716; baseline 0.002 -16"><span class='ocrx_word' id='word_1_189' title='bbox 317 3649 1163 3716; x_wconf 55' lang='grc' dir='ltr'><strong>1211111111.-Ἱ,4111111111.-9,31ἰ1111111-</strong></span> <span class='ocrx_word' id='word_1_190' title='bbox 1183 3649 1222 3712; x_wconf 88' lang='grc'>10,</span> <span class='ocrx_word' id='word_1_191' title='bbox 1242 3650 1487 3704; x_wconf 85' lang='lat' dir='ltr'>4sitetunus.—</span> 
     </span>
     <span class='ocr_line' id='line_1_38' title="bbox 321 3717 1486 3801; baseline 0.001 -33"><span class='ocrx_word' id='word_1_192' title='bbox 321 3717 364 3778; x_wconf 91' lang='grc'>11,</span> <span class='ocrx_word' id='word_1_193' title='bbox 389 3717 407 3769; x_wconf 91' lang='lat'>4</span> <span class='ocrx_word' id='word_1_194' title='bbox 427 3725 454 3770; x_wconf 87' lang='lat' dir='ltr'>et</span> <span class='ocrx_word' id='word_1_195' title='bbox 471 3726 594 3801; x_wconf 80' lang='lat' dir='ltr'>pelosiae</span> <span class='ocrx_word' id='word_1_196' title='bbox 613 3747 647 3756; x_wconf 99' lang='lat'>-</span> <span class='ocrx_word' id='word_1_197' title='bbox 665 3722 802 3772; x_wconf 86' lang='lat' dir='ltr'>Abermals</span> <span class='ocrx_word' id='word_1_198' title='bbox 822 3724 895 3773; x_wconf 89' lang='lat' dir='ltr'>eines</span> <span class='ocrx_word' id='word_1_199' title='bbox 913 3721 960 3771; x_wconf 88' lang='lat' dir='ltr'>der</span> <span class='ocrx_word' id='word_1_200' title='bbox 976 3725 1095 3783; x_wconf 80' lang='lat' dir='ltr'>wenigen</span> <span class='ocrx_word' id='word_1_201' title='bbox 1115 3722 1246 3786; x_wconf 88' lang='lat' dir='ltr'>Beispiele</span> <span class='ocrx_word' id='word_1_202' title='bbox 1263 3722 1326 3787; x_wconf 83' lang='lat' dir='ltr'>(ng</span> <span class='ocrx_word' id='word_1_203' title='bbox 1345 3723 1388 3771; x_wconf 89' lang='lat' dir='ltr'>die</span> <span class='ocrx_word' id='word_1_204' title='bbox 1404 3721 1486 3784; x_wconf 84' lang='lat' dir='ltr'>vcrige</span> 
     </span>
     <span class='ocr_line' id='line_1_39' title="bbox 318 3787 1485 3856; baseline -0.003 -19"><span class='ocrx_word' id='word_1_205' title='bbox 318 3787 486 3850; x_wconf 86' lang='lat' dir='ltr'>Nummer),&#39;</span> <span class='ocrx_word' id='word_1_206' title='bbox 478 3805 507 3838; x_wconf 90' lang='grc'>111</span> <span class='ocrx_word' id='word_1_207' title='bbox 525 3789 584 3839; x_wconf 90' lang='lat' dir='ltr'>dem</span> <span class='ocrx_word' id='word_1_208' title='bbox 602 3790 643 3839; x_wconf 87' lang='lat' dir='ltr'>die</span> <span class='ocrx_word' id='word_1_209' title='bbox 655 3791 821 3855; x_wconf 83' lang='lat' dir='ltr'>Tropierung</span> <span class='ocrx_word' id='word_1_210' title='bbox 838 3790 921 3839; x_wconf 88' lang='lat' dir='ltr'>durch</span> <span class='ocrx_word' id='word_1_211' title='bbox 939 3790 992 3840; x_wconf 82' lang='lat' dir='ltr'>alle</span> <span class='ocrx_word' id='word_1_212' title='bbox 1011 3789 1169 3854; x_wconf 80' lang='lat' dir='ltr'>gleichartig</span> <span class='ocrx_word' id='word_1_213' title='bbox 1180 3791 1312 3856; x_wconf 82' lang='lat' dir='ltr'>gebauten</span> <span class='ocrx_word' id='word_1_214' title='bbox 1324 3788 1485 3854; x_wconf 88' lang='lat' dir='ltr'>Strophenin</span> 
     </span>
     <span class='ocr_line' id='line_1_40' title="bbox 317 3854 948 3924; baseline 0.005 -20"><span class='ocrx_word' id='word_1_215' title='bbox 317 3854 516 3922; x_wconf 84' lang='lat' dir='ltr'>gleichartigem</span> <span class='ocrx_word' id='word_1_216' title='bbox 535 3857 683 3922; x_wconf 87' lang='lat' dir='ltr'>Rhythmus</span> <span class='ocrx_word' id='word_1_217' title='bbox 701 3857 888 3924; x_wconf 83' lang='lat' dir='ltr'>durchgeftihrl</span> <span class='ocrx_word' id='word_1_218' title='bbox 905 3858 948 3907; x_wconf 86' lang='lat' dir='ltr'>ist.</span> 
     </span>
    </p>
   </div>
   <div class='ocr_carea' id='block_1_16' title="bbox 674 4057 1138 4127">
    <p class='ocr_par' dir='ltr' id='par_1_16' title="bbox 674 4057 1138 4127">
     <span class='ocr_line' id='line_1_41' title="bbox 674 4057 1138 4127; baseline 0.002 -16"><span class='ocrx_word' id='word_1_219' title='bbox 674 4058 737 4114; x_wconf 81' lang='grc'><strong>3111.</strong></span> <span class='ocrx_word' id='word_1_220' title='bbox 764 4059 799 4114; x_wconf 88' lang='lat' dir='ltr'>ln</span> <span class='ocrx_word' id='word_1_221' title='bbox 817 4057 988 4127; x_wconf 83' lang='lat' dir='ltr'>Epiphania</span> <span class='ocrx_word' id='word_1_222' title='bbox 1004 4057 1138 4113; x_wconf 81' lang='lat' dir='ltr'>Domini.</span> 
     </span>
    </p>
   </div>
   <div class='ocr_carea' id='block_1_17' title="bbox 316 4173 1483 4314">
    <p class='ocr_par' dir='ltr' id='par_1_17' title="bbox 316 4173 1483 4314">
     <span class='ocr_line' id='line_1_42' title="bbox 316 4173 1483 4245; baseline 0 -19"><span class='ocrx_word' id='word_1_223' title='bbox 316 4173 410 4228; x_wconf 82' lang='lat' dir='ltr'>Lectio</span> <span class='ocrx_word' id='word_1_224' title='bbox 429 4174 524 4229; x_wconf 83' lang='lat' dir='ltr'>Isaiae</span> <span class='ocrx_word' id='word_1_225' title='bbox 540 4177 697 4244; x_wconf 75' lang='lat' dir='ltr'>prophetae.</span> <span class='ocrx_word' id='word_1_226' title='bbox 732 4177 829 4245; x_wconf 69' lang='lat' dir='ltr'>Saepe,</span> <span class='ocrx_word' id='word_1_227' title='bbox 852 4177 1020 4242; x_wconf 76' lang='lat' dir='ltr'>illuminare,</span> <span class='ocrx_word' id='word_1_228' title='bbox 1045 4177 1209 4241; x_wconf 78' lang='lat' dir='ltr'>Ierusalem,</span> <span class='ocrx_word' id='word_1_229' title='bbox 1231 4177 1300 4243; x_wconf 81' lang='lat' dir='ltr'>qaia</span> <span class='ocrx_word' id='word_1_230' title='bbox 1317 4177 1483 4230; x_wconf 74' lang='lat' dir='ltr'>venilliam</span> 
     </span>
     <span class='ocr_line' id='line_1_43' title="bbox 386 4244 1046 4314; baseline 0.005 -19"><span class='ocrx_word' id='word_1_231' title='bbox 386 4247 471 4306; x_wconf 86' lang='lat' dir='ltr'>taam,</span> <span class='ocrx_word' id='word_1_232' title='bbox 489 4248 513 4297; x_wconf 77' lang='lat' dir='ltr'>it</span> <span class='ocrx_word' id='word_1_233' title='bbox 530 4245 619 4313; x_wconf 72' lang='lat' dir='ltr'>gloria</span> <span class='ocrx_word' id='word_1_234' title='bbox 637 4244 751 4299; x_wconf 79' lang='lat' dir='ltr'>Domini</span> <span class='ocrx_word' id='word_1_235' title='bbox 769 4261 851 4314; x_wconf 82' lang='lat' dir='ltr'>saper</span> <span class='ocrx_word' id='word_1_236' title='bbox 872 4251 896 4298; x_wconf 84' lang='lat' dir='ltr'>te</span> <span class='ocrx_word' id='word_1_237' title='bbox 913 4251 974 4298; x_wconf 74' lang='lat' dir='ltr'>orta</span> <span class='ocrx_word' id='word_1_238' title='bbox 992 4250 1046 4311; x_wconf 85' lang='lat' dir='ltr'>est;</span> 
     </span>
    </p>
   </div>
   <div class='ocr_carea' id='block_1_18' title="bbox 320 4317 1478 4562">
    <p class='ocr_par' dir='ltr' id='par_1_18' title="bbox 320 4317 1478 4562">
     <span class='ocr_line' id='line_1_44' title="bbox 320 4317 1221 4380; baseline -0.002 -3"><span class='ocrx_word' id='word_1_239' title='bbox 320 4318 371 4378; x_wconf 89' lang='lat' dir='ltr'>la.</span> <span class='ocrx_word' id='word_1_240' title='bbox 401 4317 527 4376; x_wconf 88' lang='lat' dir='ltr'>Gloriosi</span> <span class='ocrx_word' id='word_1_241' title='bbox 935 4319 991 4380; x_wconf 89' lang='lat' dir='ltr'>lb.</span> <span class='ocrx_word' id='word_1_242' title='bbox 1019 4319 1106 4378; x_wconf 87' lang='lat' dir='ltr'>Cuius</span> <span class='ocrx_word' id='word_1_243' title='bbox 1127 4327 1221 4376; x_wconf 87' lang='lat' dir='ltr'>artam</span> 
     </span>
     <span class='ocr_line' id='line_1_45' title="bbox 403 4400 1238 4476; baseline 0 -16"><span class='ocrx_word' id='word_1_244' title='bbox 403 4402 442 4460; x_wconf 89' lang='lat' dir='ltr'>Et</span> <span class='ocrx_word' id='word_1_245' title='bbox 465 4400 567 4460; x_wconf 88' lang='lat' dir='ltr'>famosi</span> <span class='ocrx_word' id='word_1_246' title='bbox 1019 4405 1102 4462; x_wconf 87' lang='lat' dir='ltr'>Vitae</span> <span class='ocrx_word' id='word_1_247' title='bbox 1124 4412 1238 4476; x_wconf 91' lang='lat' dir='ltr'>portum</span> 
     </span>
     <span class='ocr_line' id='line_1_46' title="bbox 446 4485 1478 4562; baseline -0.007 -16"><span class='ocrx_word' id='word_1_248' title='bbox 446 4488 533 4560; x_wconf 85' lang='lat' dir='ltr'>Regis</span> <span class='ocrx_word' id='word_1_249' title='bbox 556 4485 659 4545; x_wconf 87' lang='lat' dir='ltr'>festum</span> <span class='ocrx_word' id='word_1_250' title='bbox 683 4487 862 4546; x_wconf 86' lang='lat' dir='ltr'>celebrantes</span> <span class='ocrx_word' id='word_1_251' title='bbox 1060 4489 1151 4546; x_wconf 85' lang='lat' dir='ltr'>Nobis</span> <span class='ocrx_word' id='word_1_252' title='bbox 1175 4489 1272 4546; x_wconf 87' lang='lat' dir='ltr'>datam</span> <span class='ocrx_word' id='word_1_253' title='bbox 1294 4487 1478 4562; x_wconf 81' lang='lat' dir='ltr'>praedicantes</span> 
     </span>
    </p>
   </div>
   <div class='ocr_carea' id='block_1_19' title="bbox 318 4572 1256 4722">
    <p class='ocr_par' dir='ltr' id='par_1_19' title="bbox 318 4572 1256 4722">
     <span class='ocr_line' id='line_1_47' title="bbox 488 4572 1256 4648; baseline 0.003 -16"><span class='ocrx_word' id='word_1_254' title='bbox 488 4572 686 4648; x_wconf 80' lang='lat' dir='ltr'>Gaudeamus3</span> <span class='ocrx_word' id='word_1_255' title='bbox 1102 4575 1256 4634; x_wconf 69' lang='lat' dir='ltr'>aveamus.</span> 
     </span>
     <span class='ocr_line' id='line_1_48' title="bbox 318 4651 1163 4722; baseline 0 -16"><span class='ocrx_word' id='word_1_256' title='bbox 318 4651 399 4721; x_wconf 73' lang='lat' dir='ltr'>Qm&#39;a,</span> <span class='ocrx_word' id='word_1_257' title='bbox 418 4667 481 4719; x_wconf 85' lang='lat' dir='ltr'>ecce,</span> <span class='ocrx_word' id='word_1_258' title='bbox 499 4652 620 4706; x_wconf 69' lang='lat' dir='ltr'>umbrae</span> <span class='ocrx_word' id='word_1_259' title='bbox 637 4653 756 4720; x_wconf 81' lang='lat' dir='ltr'>operient</span> <span class='ocrx_word' id='word_1_260' title='bbox 773 4657 874 4707; x_wconf 81' lang='lat' dir='ltr'>temam</span> <span class='ocrx_word' id='word_1_261' title='bbox 893 4658 918 4706; x_wconf 88' lang='lat' dir='ltr'>et</span> <span class='ocrx_word' id='word_1_262' title='bbox 935 4655 1022 4722; x_wconf 74' lang='lat' dir='ltr'>caligo</span> <span class='ocrx_word' id='word_1_263' title='bbox 1035 4653 1163 4722; x_wconf 77' lang='lat' dir='ltr'>papales.</span> 
     </span>
    </p>
   </div>
   <div class='ocr_carea' id='block_1_20' title="bbox 0 0 1710 5384">
    <p class='ocr_par' dir='ltr' id='par_1_20' title="bbox 0 0 1710 5384">
     <span class='ocr_line' id='line_1_49' title="bbox 0 0 1710 5384; baseline 0 0"><span class='ocrx_word' id='word_1_264' title='bbox 0 0 1710 5384; x_wconf 95' lang='lat' dir='ltr'> </span> 
     </span>
    </p>
   </div>
  </div>
 </body>
</html>
