3409 5384
702 561 938 622 —219-

588 830 650 887 423.
678 831 714 885 In
731 831 900 900 Epiphania
917 833 1051 890 Dondni.

522 1005 537 1064 1
564 1004 674 1078 Gaude,
698 1007 765 1066 Sion
789 1005 858 1081 filia,

564 1091 651 1162 Regis
674 1091 703 1148 in
725 1093 899 1167 praesentia,

564 1175 650 1234 Cuius
673 1177 767 1249 gratia

606 1262 761 1319 Praestans
785 1262 896 1334 ducem,

524 1350 540 1406 5
609 1345 708 1404 Caesis
731 1345 854 1405 fundens
876 1350 968 1406 lucem

648 1433 689 1489 Te
712 1431 804 1491 reficit

647 1517 687 1574 Et
706 1516 838 1590 perficit3
909 1546 911 1551 v

563 1601 663 1660 Firma
686 1610 731 1660 sta
753 1605 924 1664 constantia.

608 1689 707 1748 Cesset
729 1697 830 1762 metus,

499 1773 538 1832 10
602 1775 746 1845 Languor,
769 1771 870 1845 fletus3

649 1858 793 1932 Splendor
814 1866 843 1916 te
866 1861 1026 1934 perlustrat
1047 1860 1167 1934 gloriae,

649 1945 731 2003 Viam
756 1945 859 2016 pandit
881 1946 994 2018 patriae

649 2029 697 2088 Sol
720 2030 857 2092 iustitiae.

298 2213 421 2264 Cantion.
444 2231 493 2264 ms.
515 2215 590 2265 Petri
614 2216 646 2266 de
669 2216 781 2266 Medicis
804 2214 956 2281 (Gallicum)
980 2233 1047 2286 saec.
1073 2214 1114 2268 13.
1150 2217 1213 2268 Cod.
1237 2219 1410 2270 Laurentian.

223 2283 266 2332 Pl.
286 2279 328 2332 29.
344 2280 367 2332 l.
383 2307 416 2317 -
436 2283 486 2332 Am
498 2283 636 2335 Schlusse:
657 2282 887 2348 „Ierusalem“.
900 2314 934 2322 —
953 2286 1082 2337 Sichtlich
1093 2288 1197 2352 Tropus
1209 2302 1269 2336 zum
1281 2286 1409 2337 Gradus]-

223 2350 338 2402 Versus':
365 2350 545 2416 „Surge'et
567 2352 781 2413 illuminare,
804 2349 1013 2414 Ierusalem,
1037 2357 1118 2418 quia
1140 2354 1253 2419 gloria
1275 2356 1408 2405 Domini

223 2434 329 2484 super
350 2425 381 2470 te
406 2424 481 2470 orta
503 2421 577 2471 est“.
1296 2437 1299 2440 ’

584 2638 644 2695 reu.
672 2640 708 2694 In
724 2640 895 2710 nprpnanra
912 2640 1048 2697 nomini.

521 2871 522 2875 ,
610 2815 632 2874 0
655 2816 822 2888 redemptor
844 2817 968 2874 omnium

611 2900 800 2974 Salvatorque
822 2903 957 2976 gentium,

609 2987 701 3058 Reges
725 3003 799 3044 nunc
821 2993 850 3043 et
870 2988 981 3046 insulae

607 3071 673 3129 Tibi
695 3071 817 3130 offerunt
839 3073 955 3143 laudes3

635 3157 705 3215 Eia:
732 3157 866 3216 Vidimus
886 3157 1002 3216 stellam
1023 3157 1084 3216 eius
1106 3159 1139 3216 ia
1161 3157 1277 3217 Oriente
1299 3163 1354 3218 etc.

297 3340 378 3405 Trop.
403 3356 451 3391 ms.
471 3343 506 3392 Sa
544 3339 790 3391 allensesaee.10.
826 3341 889 3392 cod.
909 3343 1062 3408 Sangallen.
1080 3339 1139 3392 484.
1159 3343 1189 3393 A.
1210 3369 1243 3378 -
1260 3343 1339 3407 Trop.
1359 3359 1406 3393 ms.

229 3409 408 3474 Sangallense
432 3425 500 3459 saec.
545 3408 567 3460 1.
594 3412 629 3458 in.
665 3410 728 3461 Cod.
752 3410 904 3476 Sangallen.
928 3406 988 3464 381.
1012 3413 1042 3460 B.
1064 3437 1095 3447 —
1113 3412 1181 3462 Hier
1204 3414 1263 3462 eine
1280 3413 1332 3460 fast
1348 3427 1407 3462 ver-

228 3477 327 3526 einzelt
344 3477 504 3528 dastehende
521 3478 685 3529 Introductis
702 3495 762 3528 zum
779 3480 878 3528 Versus
896 3479 1095 3544 Alleluiaticus;
1113 3480 1159 3530 cfr,
1177 3482 1223 3530 Nr.
1241 3476 1300 3530 430.

589 3747 650 3804 425.
678 3749 713 3803 In
730 3749 901 3817 Epiphania
917 3749 1051 3806 DemIni.

249 3924 264 3982 1
290 3921 373 3980 Viam
395 3921 652 3996 admiserimus,
866 3973 868 3977 .
951 3925 1023 3982 Tres
1047 3924 1083 3982 de
1103 3925 1177 3984 dono
1199 3927 1309 3998 gratiae

335 4006 471 4066 Semitam
493 4008 620 4067 iustitiae
912 4009 1039 4068 Veniunt
1061 4016 1091 4066 et
1112 4012 1249 4069 reseratis

336 4092 469 4151 Gentium
491 4093 645 4167 primitiae,
953 4095 1107 4153 Thesauris
1130 4097 1268 4169 pecuniae

291 4178 366 4236 Dum
389 4177 427 4237 ad
448 4177 535 4236 limen
558 4179 684 4254 pietatis,
845 4181 885 4240 10
952 4180 1048 4251 Ductu
1067 4181 1167 4239 stellae
1188 4183 1323 4254 praeviae

246 4268 265 4324 5
334 4262 417 4321 Pium
439 4278 535 4338 regern
557 4264 675 4341 gloriae,
905 4266 1023 4324 Trinum
1047 4271 1076 4324 et
1096 4283 1184 4327 unum
1206 4268 1282 4326 datis

289 4348 439 4407 Mentibus
460 4349 629 4407 illuminatis
951 4351 1056 4409 Tribus
1079 4352 1208 4412 adoraui
1229 4353 1325 4414 hodie.

295 4541 420 4599 Fluctus,
444 4540 491 4590 Νι.
517 4537 633 4589 CXLVI.
651 4568 684 4575 -
705 4536 717 4588 l
745 4537 869 4602 rident(!).
889 4565 921 4574 -
944 4539 1025 4589 Wohl
1049 4540 1135 4591 sicher
1158 4542 1202 4590 ein
1219 4541 1322 4605 'Propus
1347 4557 1406 4590 num

220 4609 324 4660 Versus
338 4607 538 4658 Alleluiatieus:
559 4608 729 4671 „Vidimus
747 4607 886 4657 stellam
906 4609 979 4658 eius
997 4611 1030 4658 in
1051 4609 1192 4660 Oriente
1210 4614 1241 4659 et
1257 4611 1408 4659 venimus

218 4693 291 4729 cum
316 4677 516 4726 muneribus
541 4675 682 4726 adorare
705 4673 907 4726 Dominum“.
