3409 5384
714 513 864 577 —373
909 552 948 563 -

372 683 424 742 13.
447 674 534 741 iulia
555 681 587 739 in
610 698 660 741 eos
682 684 759 743 rdet
780 692 919 764 potstas,

448 766 550 825 Donec
571 775 678 839 ponant
699 770 810 829 animas
832 780 958 850 cunctas,

449 851 614 925 Eorumque
634 854 749 927 linguae
773 848 791 886 *
814 857 911 918 claves
933 861 1007 921 caeli
1028 872 1095 922 suut
1117 862 1232 940 fucum

534 937 667 997 Nubibus
690 940 797 1014 dicent,

535 1022 580 1081 Ne
601 1024 704 1096 pluant
724 1025 845 1085 imbrem
854 1018 867 1101 ;'

534 1109 666 1180 Ipsorum
687 1109 725 1168 ub
747 1127 798 1169 ure

533 1193 612 1267 Ignis
634 1195 734 1267 exibit,

449 1278 503 1351 Qui
524 1279 692 1338 resistentes
714 1298 780 1341 mox
803 1283 963 1361 deaurabit,

448 1363 584 1422 Debitum
608 1365 700 1425 donec
722 1369 886 1441 compleant
907 1387 1031 1437 cursum

531 1453 571 1520 R.
597 1461 621 1520 0
643 1478 727 1533 quum
750 1461 827 1521 beati

597 1546 646 1604 Ad
668 1546 723 1604 hoc
740 1550 909 1621 praeparati
1003 1618 1011 1630 ,

597 1632 692 1691 Tanto
713 1632 743 1690 in
765 1633 882 1692 turbine
979 1680 984 1689 .

595 1715 706 1776 Navem
729 1717 838 1777 Christi
860 1720 1036 1793 gnbernare!

370 1824 424 1887 14.
448 1819 571 1885 Occidet
593 1842 642 1885 cos
663 1828 780 1886 tandem
803 1828 941 1903 profanus

447 1909 527 1969 Nutu
548 1911 604 1970 Dei
626 1913 792 1985 permissus.

447 1995 554 2055 Eorum
577 2012 699 2072 corpora
723 1992 741 2030 *
763 1999 899 2060 iacebunt
920 2003 1084 2083 insepulta3

531 2082 631 2141 Tertia
652 2083 699 2141 die

532 2168 695 2242 Resurgent
716 2170 883 2232 incolumes.

531 2253 644 2311 Inimici
665 2254 805 2314 videbunt

337 2406 340 2415 ‚
530 2338 570 2396 Et
593 2338 813 2401 confundentur.

446 2423 494 2481 llli
517 2432 676 2501 resurgent,
699 2426 730 2484 in
752 2428 862 2489 caelum
886 2431 1080 2491 conscendent

447 2508 620 2582 Triumphos
642 2511 750 2583 glutine
770 2519 929 2589 portantes.

532 2589 570 2656 R.
597 2596 620 2655 0
644 2613 728 2669 quam
750 2596 828 2656 bauti

594 2681 642 2739 Ad
665 2681 720 2739 hoc
742 2685 910 2757 praeparati

595 2766 688 2825 Tanto
709 2767 739 2826 in
762 2768 878 2828 turbine

592 2850 702 2931 Navem
725 2853 833 2941 Christi
855 2856 1032 2930 gubernare!

370 2960 423 3023 15.
446 2954 516 3024 Post
538 2962 677 3035 gloriosos
700 2962 799 3023 horum
820 2967 983 3043 triumphus

446 3048 539 3105 Acuet
562 3047 653 3105 hostis
673 3049 746 3107 iram
768 3051 882 3125 iniquus

446 3131 564 3191 Modico
587 3138 717 3207 tempore
740 3128 757 3167 *
779 3144 881 3210 utpote
902 3147 1089 3216 regnaturum

531 3216 645 3277 Saeviet
668 3220 724 3295 die,

531 3301 646 3361 Saeviet
667 3312 758 3367 nocte.

440 3421 442 3430 ·
531 3388 663 3447 Vendere
683 3406 739 3449 non
762 3398 908 3470 poterunt,

530 3472 635 3533 Emere
657 3477 814 3549 nequibunt

447 3556 512 3615 Nisi
535 3559 700 3618 charactere
722 3564 814 3621 notati
836 3563 941 3642 fronte,

445 3642 573 3702 Dextera
595 3653 738 3718 gestantes
761 3649 815 3707 hoc
837 3667 950 3715 nomen.

530 3723 568 3790 R.
595 3732 669 3809 Heu,
693 3733 799 3813 miseri,

597 3817 668 3890 Heu,
692 3819 805 3878 miseri!

596 3902 680 3975 Quid,
704 3906 796 3978 homo,
820 3906 947 3980 ineptam

596 3986 729 4060 Sequeris
751 3991 914 4052 laetitiam?

369 4094 421 4155 16.
443 4090 547 4165 Quanti
570 4100 706 4158 nuendum
728 4114 863 4173 premunt
885 4110 1015 4165 errores!

445 4179 500 4239 llle
522 4184 661 4255 superbus
684 4196 800 4260 respuet
822 4206 929 4253 omues.

446 4266 716 4343 Pseudoprophetae
740 4267 757 4305 '¹‘
780 4275 877 4335 hostes
900 4286 984 4336 erunt
1005 4280 1153 4359 immanes,

530 4352 674 4413 Seducent
696 4365 803 4437 gentes,

531 4439 655 4512 Populos
678 4444 855 4523 subvertent,

529 4523 650 4599 Erigent
671 4535 794 4588 statuam

529 4609 577 4668 llli
599 4610 729 4684 profanu.
783 4666 785 4675 ,
