3409 5384
729 546 769 563 -
815 516 962 579 390—

605 682 702 753 „Item
721 683 822 739 Prosa
839 684 876 738 de
895 681 1099 740 offertorio.“

329 771 389 820 Iesu
409 770 486 831 bone,
506 771 682 837 triumphator
695 774 786 821 mortis
798 774 826 821 in
839 787 925 832 cruce,
943 773 1036 822 attolle
1048 772 1139 822 oculos
1151 773 1308 823 clementiae
1320 770 1446 834 (clemen-

363 840 427 889 tiam
440 836 501 901 Hs.)
518 841 612 889 rutilos
631 850 657 889 et
675 843 775 905 respice
795 842 823 890 in
841 842 936 891 faciem
954 839 1089 904 ecclesiae,
1108 842 1200 891 matris
1216 845 1324 891 nostrae
1336 841 1444 902 viduae,

363 921 430 970 quae
448 907 536 973 plorat
553 907 624 958 filios
642 923 713 968 suos,
730 907 824 959 fratres
841 914 947 959 nostros
965 907 1109 969 defunctos,

329 975 380 1036 Qui
398 990 445 1039 pro
464 977 543 1041 culpa
561 976 714 1027 offensionis
732 982 840 1043 gemunt
858 976 962 1027 incolae
979 978 1029 1027 sub
1047 979 1139 1027 mortis
1151 978 1273 1043 caligine,
1293 978 1338 1028 ubi
1351 978 1446 1029 nullus

361 1044 434 1103 ordo,
454 1044 500 1095 sed
519 1046 695 1111 sempiternus
714 1044 848 1098 inhabitat
866 1045 967 1095 horror.

331 1106 433 1161 Verba:
450 1112 532 1179 Ergo,
549 1113 663 1164 venialis
684 1113 763 1163 iudex
780 1114 852 1164 ultra
865 1114 952 1163 David
967 1114 1204 1175 mansuetudinem,
1223 1119 1253 1164 ut
1264 1116 1448 1181 superexaltet

362 1181 545 1231 misericordia
562 1181 700 1243 iudicium,
721 1182 825 1247 suscipe
843 1196 891 1245 pro
909 1182 966 1231 illis
985 1196 1074 1247 preces
1093 1186 1120 1232 et
1137 1180 1296 1232 sacrificium
1313 1188 1444 1243 nostrum,

363 1247 429 1298 illud
448 1248 595 1310 revolvens,
614 1250 684 1315 quod
703 1266 803 1301 memor
820 1248 917 1315 figulus
935 1249 1053 1314 figmenti
1072 1250 1136 1300 olim
1155 1266 1201 1315 per
1213 1251 1368 1316 prophetam
1381 1267 1443 1316 pro·

362 1317 472 1367 misisti:
497 1318 556 1383 Ego
580 1319 643 1381 leci,
669 1334 718 1385 ego
743 1319 839 1379 feram,
864 1334 913 1384 ego
935 1333 1019 1383 usque
1037 1318 1069 1367 ad
1088 1332 1168 1382 canos
1186 1324 1213 1369 et
1232 1325 1365 1369 senectam
1382 1336 1444 1385 por·

363 1385 433 1443 tabo,
453 1402 503 1451 ego
521 1387 639 1441 salvabo.

363 1449 411 1515 qai
424 1465 478 1517 pro
496 1452 578 1519 culpa
597 1451 759 1521 offensionis
776 1455 886 1519 ponant
902 1450 1008 1504 incolae
1025 1451 1076 1505 sab
1093 1450 1188 1505 mortis
1206 1452 1329 1519 calipius.

328 1520 369 1570 Ad
387 1520 456 1572 lianc
473 1538 563 1573 vocem
582 1523 736 1574 dilectionis
754 1522 891 1587 numquid,
910 1539 925 1572 ο
943 1523 1003 1572 fons
1015 1522 1112 1583 David,
1129 1525 1232 1574 viscera
1243 1524 1445 1575 misericordiae

363 1591 530 1642 continebis?
565 1593 648 1643 Parce
670 1593 785 1651 miseris,
811 1605 891 1656 parce
910 1591 1037 1642 desolatis
1058 1593 1107 1642 sub
1125 1591 1231 1642 flamma
1249 1592 1391 1657 sulphuris,
1415 1597 1448 1642 et

363 1657 426 1707 lotis
444 1660 516 1710 unda
533 1660 665 1718 Iordanis,
683 1660 748 1709 licet
766 1661 935 1710 innocentiae
953 1660 1083 1710 maculam
1102 1660 1230 1723 dederint,
1249 1660 1328 1710 redde
1346 1662 1444 1711 stolam

363 1728 473 1789 primam
493 1728 708 1788 immortalitatis,
728 1733 870 1792 antequam
888 1730 979 1778 veniat
996 1728 1053 1778 dies
1070 1728 1126 1790 illa,
1146 1728 1202 1778 dies
1220 1744 1325 1795 magna,
1343 1731 1447 1793 inqua

364 1794 398 1845 ad
417 1793 523 1846 umbras
542 1802 671 1847 tartareas
690 1796 815 1845 iudicatis
834 1812 889 1846 non
906 1798 958 1847 erit
974 1795 1045 1847 ultra
1063 1812 1123 1861 spes
1141 1797 1236 1847 solacii
1253 1800 1283 1848 in
1295 1798 1443 1858 tormentis,

363 1860 412 1912 ubi
429 1862 523 1915 nullas
542 1860 617 1923 orde,
637 1860 684 1913 sed
701 1862 879 1927 accipiternua
896 1860 1035 1913 inhabitat
1052 1862 1157 1915 horror.

329 1944 358 2000 i.
383 1945 540 2014 Nachtrag
562 1961 600 2001 un
625 1946 682 2001 den
707 1945 962 2014 Libera-Tropen.
982 1976 1016 1985 -
1041 1951 1092 2000 Die
1115 1950 1229 2000 electen
1249 1950 1362 2012 Quellen
1385 1950 1443 2001 der·

261 2016 353 2067 selben
377 2017 482 2068 reichen
506 2019 548 2068 bis
571 2020 614 2067 ins
635 2014 873 2067 intaminarent
897 2019 1010 2080 aurdck3
1035 2021 1120 2069 einem
1138 2018 1242 2083 Tropns
1260 2020 1337 2077 aber,
1365 2018 1447 2069 aller-

261 2084 340 2149 dings
357 2086 443 2135 einem
462 2088 491 2135 in
502 2087 587 2137 Prosa
604 2086 776 2149 abgelassten,
795 2087 940 2151 begegnete
958 2086 1002 2136 ich
1017 2089 1045 2137 in
1059 2088 1132 2136 einer
1145 2087 1239 2149 Quelle
1250 2087 1297 2137 des
1312 2084 1351 2137 11.
1362 2086 1445 2139 Jahr-

262 2153 396 2214 bunderts‚
414 2155 531 2205 nimlich
549 2156 586 2204 im
604 2156 814 2205 Commentarius
833 2170 880 2203 ms.
901 2157 977 2205 Beati
993 2153 1067 2218 (Cod.
1086 2156 1201 2207 Parisin,
1219 2151 1310 2219 8878):

330 2233 435 2288 Libera
455 2253 509 2301 me,
533 2235 665 2299 Domine,
687 2235 720 2289 de
743 2240 826 2289 morte
847 2240 967 2289 werna.
1002 2241 1125 2291 Graviter
1142 2241 1213 2290 mala
1231 2240 1370 2306 implicant
1387 2257 1442 2306 me;

363 2321 461 2382 quaero
481 2325 493 2357 s
528 2326 567 2369 m,
592 2308 791 2373 indulgentiam,
817 2309 971 2369 remedium,
992 2311 1106 2370 veniam,
1124 2324 1158 2358 ne
1175 2324 1283 2359 corrnsr
1300 2310 1447 2360 infeliciter

363 2387 402 2423 cni
416 2372 458 2425 die
475 2325 526 2426 11111
543 2372 688 2427 trentenda.

328 2444 497 2508 Ingemiscite
533 2460 612 2510 super
642 2460 696 2506 me,
730 2446 857 2495 universa
887 2445 1029 2507 elementa,
1066 2446 1157 2509 lapsus
1187 2445 1329 2495 crudeliter
1358 2445 1443 2495 cecidi

364 2514 566 2577 miserabiliter3
590 2515 759 2575 miserante,
785 2514 859 2564 Deus
877 2529 959 2575 meus,
986 2510 1098 2577 quando
1116 2510 1184 2563 caeli
1199 2510 1319 2564 movendi
1335 2515 1402 2564 sunt
1419 2515 1445 2565 et

363 2579 444 2629 terra.

330 2649 391 2698 Heu
403 2664 444 2698 me
458 2649 591 2709 miserum,
612 2649 705 2698 infelix
718 2665 857 2714 percussus
870 2666 927 2700 sum
940 2651 1091 2715 iniquitate,
1107 2651 1115 2699 i
1155 2664 1241 2710 orans,
1253 2650 1318 2716 quid
1331 2650 1358 2699 fu
1378 2652 1446 2715 ‘am3

364 2731 455 2779 parce,
481 2717 641 2781 redemptor,
666 2720 819 2783 prinsquam
842 2734 913 2769 mors
937 2719 1091 2782 absorbeat,
1134 2731 1181 2768 um
1201 2716 1304 2769 veneris
1322 2716 1353 2767 iu
1373 2716 1451 2771 icore

363 2782 503 2833 saeculam
517 2796 569 2848 per
586 2782 681 2852 ionem.

328 2848 387 2903 Lux
412 2853 654 2911 immarcescibilis,
680 2855 752 2917 eripe
777 2871 818 2905 me
842 2854 875 2904 de
898 2856 1029 2914 tenebris,
1055 2871 1088 2905 ne
1111 2856 1202 2905 cadam
1227 2856 1255 2903 in
1280 2855 1400 2905 obscuris
1418 2857 1451 2904 in

363 2935 507 2985 poenarum
530 2922 659 2971 incendia.
696 2923 790 2983 Qualis
814 2938 898 2986 pavor
922 2928 985 2973 tunc
1008 2923 1106 2983 aderit,
1132 2923 1236 2989 qnando
1266 2924 1339 2972 Deus
1362 2923 1447 2973 iratus

364 2992 426 3049 erit,
451 2996 477 3039 et
500 2989 618 3039 infernus
644 2991 795 3055 apparebit,
820 2991 932 3055 sulphur
955 2998 1035 3055 atque
1051 2994 1148 3041 vermis
1165 2991 1337 3041 trucidabunt
1354 3006 1447 3056 pecca·

364 3062 434 3107 tores
453 3055 483 3107 in
502 3054 613 3107 dioillo
631 3055 776 3108 tremendu.

329 3126 389 3176 Vox
408 3126 440 3175 de
458 3127 546 3177 caelo:
566 3128 588 3177 Ο
606 3143 654 3176 vos
672 3128 777 3187 mortui,
796 3129 842 3191 qui
860 3128 954 3177 iacetis
967 3130 995 3177 in
1007 3128 1146 3193 sepulcris,
1163 3130 1262 3193 surgite
1276 3132 1303 3177 et
1315 3129 1449 3178 occurrite

367 3194 400 3243 ad
419 3194 544 3245 iudicium
564 3195 714 3255 salvatoris,
734 3192 844 3258 quarceto
863 3192 930 3245 caeli
946 3193 1069 3247 movendi
1086 3198 1153 3245 sant
1170 3197 1195 3244 et
1212 3200 1291 3246 terra.

332 3262 441 3379 Caeffim
460 3268 486 3312 et
502 3269 573 3313 terra
591 3265 749 3325 transibunt,
769 3269 922 3329 secretaque
942 3265 1025 3314 multa
1042 3270 1134 3330 aperta
1151 3269 1236 3325 erunt,
1257 3260 1323 3314 dum
1339 3261 1449 3314 vomis

365 3344 376 3378 1
415 3343 498 3381 scere.

331 3399 393 3448 Heu
411 3415 459 3461 me,
473 3398 634 3464 prohdolor,
648 3400 712 3464 quid
725 3399 836 3449 referam
848 3406 910 3451 ante
922 3406 1024 3451 tantum
1037 3402 1200 3450 Dominum?
1213 3427 1248 3435 -
1260 3396 1401 3450 saeculum
1412 3427 1448 3438 -

331 3466 515 3529 Tribnlabitur
532 3469 572 3518 ibi
589 3467 673 3527 fortis,
692 3473 718 3517 et
736 3482 827 3518 amara
846 3471 898 3518 erit
916 3474 979 3519 tnnc
997 3469 1054 3520 dies
1072 3469 1121 3518 illa
1159 3481 1187 3518 er
1204 3468 1300 3533 ionem.

332 3536 393 3585 Iesu
407 3536 528 3597 Domine,
547 3538 592 3599 qui
610 3538 708 3585 venisti
726 3537 864 3597 redimere,
882 3540 1014 3597 miserere,
1032 3542 1102 3599 peto,
1140 3550 1186 3586 um
1203 3533 1309 3587 umeris
1322 3532 1451 3589 iudicare

365 3600 505 3653 saeculnm
525 3615 573 3668 per
589 3600 687 3668 ionem.

262 3690 317 3741 Der
330 3690 397 3740 'l'ext
414 3690 450 3739 ist
467 3692 504 3738 im
517 3690 636 3755 Ausange
654 3689 785 3752 entstellt;
805 3704 833 3739 es
853 3690 934 3745 heisst
945 3694 974 3741 in
986 3691 1033 3739 der
1044 3689 1116 3741 Zeila
1129 3686 1158 3741 2:
1179 3691 1324 3740 remedium
1335 3692 1450 3741 veniens

262 3772 311 3808 uec
334 3763 440 3823 corruat
461 3757 588 3819 feliciter;
612 3758 639 3806 Ζ.
663 3754 694 3807 4:
720 3757 894 3823 Ingemescite
918 3794 925 3807 .
952 3796 984 3809 ..
1010 3758 1151 3808 crudeliter
1174 3759 1272 3821 cecini;
1295 3760 1323 3808 Z.
1347 3756 1378 3807 7:
1403 3776 1449 3810 me

263 3827 344 3875 miser
363 3864 369 3876 .
389 3863 395 3875 .
413 3826 589 3890 iniquitatem.

332 3905 361 3962 3.
380 3906 657 3973 Bericbtlgungena

331 3977 357 4029 S.
376 3975 425 4039 45,·
443 3978 490 4028 Nc.
509 3975 555 4039 663
575 3980 626 4030 Str.
648 3976 670 4039 1,
691 3976 717 4028 l:
736 3978 810 4029 Nacb
830 3974 930 4046 „lator“
951 3980 998 4029 das
1016 3981 1130 4030 Komma
1148 3979 1239 4044 tilgen.

332 4046 358 4096 S.
379 4042 440 4109 1163
466 4049 511 4097 Nr.
530 4043 595 4109 2553
620 4047 703 4097 Titel:
728 4048 746 4097 1.
764 4048 796 4097 In
821 4066 840 4099 s.
861 4050 988 4098 Iohannis
1006 4048 1259 4114 Evangelistae
1277 4052 1342 4097 statt
1358 4049 1449 4113 Bap-

400 4117 514 4164 tistae.

333 4182 359 4234 S.
381 4178 444 4247 1183
462 4185 508 4233 Nr.
527 4179 590 4244 262;
610 4183 661 4232 Str.
683 4179 705 4239 l,
727 4180 756 4233 2:
775 4183 793 4233 1.
812 4198 881 4247 quae
898 4186 1092 4250 euangelica
1107 4191 1220 4250 etquae
1234 4184 1448 4251 euangelica.

332 4251 359 4300 S.
379 4247 442 4313 1423
462 4252 508 4301 Nr.
527 4246 590 4314 326,
610 4252 686 4301 Anm.
705 4268 738 4301 zu
757 4249 779 4314 l,
800 4250 829 4301 1:
848 4254 866 4301 l.
884 4254 1031 4317 Martyrio
1050 4259 1081 4302 st.
1100 4255 1238 4317 Martyro.

333 4319 360 4371 S.
378 4315 441 4381 224,
460 4319 506 4369 Nr.
525 4316 588 4375 434:
608 4320 675 4369 Vere
692 4316 722 4371 3:
741 4320 758 4368 l.
778 4319 907 4370 Carnem
926 4325 958 4369 st.
977 4323 1114 4373 Carmen.

334 4388 361 4439 S.
380 4383 443 4450 3033
462 4388 508 4438 Nr.
527 4383 590 4452 5883
610 4388 685 4437 Anm.
704 4390 732 4438 Z.
753 4385 798 4437 12:
817 4389 835 4438 1.
853 4389 914 4439 Tibi
933 4389 985 4439 soli
1003 4390 1074 4441 dati
1092 4396 1125 4440 st
1142 4390 1194 4440 soli
1211 4391 1291 4440 tabi.

753 4558 956 4567 ——-——-
