3409 5384
713 535 942 599 -107-

368 709 398 768 3.
421 708 475 779 Qui
499 708 577 767 caelo
600 709 735 781 splendet
757 724 841 764 roseo
865 707 1028 766 diademate
1051 713 1190 780 comptus,

467 786 499 841 de
517 788 595 841 cuius
615 788 793 842 sollemnitate
810 787 931 856 pandent
948 788 1046 856 ampeli,

367 863 396 925 4.
419 862 542 936 Agmina
565 867 667 920 cuneta
689 863 749 934 poli
773 861 858 920 simul
879 878 914 919 ao
935 863 1080 920 laetantur
1101 866 1222 920 ovanter

467 947 493 1012 et·
509 940 667 996 collaudant
684 941 772 1008 {ilium
790 941 852 994 Dei.

304 1079 385 1146 Trop
410 1096 457 1130 ms.
482 1083 646 1131 Nivemense
669 1096 737 1131 saec.
762 1078 801 1131 11.
839 1082 903 1132 Cod.
927 1081 1040 1130 Parisin.
1064 1077 1140 1130 9449.
1161 1080 1193 1129 A.
1210 1105 1245 1115 —
1262 1079 1341 1142 Trop.
1367 1092 1415 1126 me.

229 1150 402 1200 Nivernensa
425 1163 491 1200 saec.
518 1145 558 1199 12.
593 1150 657 1199 Cod.
675 1150 789 1199 Parisin
809 1152 894 1201 Nouv.
918 1165 975 1214 aeq.
1003 1146 1077 1198 1235.
1095 1151 1125 1198 Β.
1144 1144 1209 1197 -1
1234 1147 1418 1197 1011113.-

230 1213 250 1266 2
269 1217 313 1266 Ad
331 1217 421 1268 dulces
438 1218 470 1267 A.
488 1243 522 1253 -
539 1214 556 1267 3
574 1218 713 1282 splendent
730 1217 761 1269 A.

477 1435 538 1492 231.
566 1437 601 1490 ln
619 1450 661 1492 ss.
680 1435 830 1506 Dionysll‚
849 1434 981 1505 Rustici,
1000 1435 1180 1491 Eleutherll.

369 1580 398 1641 1.
421 1579 476 1650 En,
499 1594 575 1636 nunc
597 1577 773 1650 martyribus
795 1577 885 1634 melos
908 1576 1053 1636 reboando
1076 1595 1211 1636 canorum

469 1657 646 1711 Gaudeamus
665 1672 756 1710 omnes
774 1657 805 1708 in
823 1655 952 1721 Domino,

369 1733 398 1794 2.
422 1729 591 1790 Glorifioare
614 1748 679 1788 suos
702 1731 751 1802 qui
773 1737 861 1788 testes
883 1731 983 1788 inclite
1004 1731 1092 1807 norit,

469 1811 539 1864 diem
556 1812 656 1877 festum
675 1810 836 1864 celebrantes
854 1811 905 1863 sud
923 1811 1024 1863 honore
1042 1815 1198 1865 sanctorum
1217 1816 1376 1879 martyrum,

371 1888 399 1945 3.
423 1887 498 1957 Quos
521 1892 598 1942 totus
621 1885 752 1942 mirando
775 1884 844 1943 colit
866 1884 1018 1956 insigniter
1039 1884 1127 1960 orbis,

470 1964 502 2017 de
519 1979 633 2031 quorum
652 1965 829 2018 sollemnitate
845 1963 966 2031 pandent
984 1964 1081 2031 ampeli,

372 2041 402 2099 4.
426 2038 549 2110 Agmina
573 2046 675 2096 cuncta
696 2038 779 2095 simul
806 2038 878 2095 caeli
901 2039 1046 2096 laetantur
1067 2045 1187 2095 ovanter

470 2123 493 2170 et
512 2118 668 2172 collaudant
685 2118 774 2184 pilium
792 2118 854 2170 Dei.

309 2258 391 2323 Trop.
403 2273 450 2306 ms.
460 2257 646 2308 wintoniense
659 2271 727 2308 saec.
739 2255 778 2306 11.
802 2257 867 2307 Cod.
877 2258 943 2307 Coll.
954 2259 1030 2322 Corp.
1041 2256 1140 2308 Christi
1150 2256 1346 2322 Canubrigien.
1358 2254 1420 2308 473.

536 2484 599 2540 232.
627 2485 662 2538 ln
680 2498 722 2540 ss.
741 2483 869 2539 Fabiani
888 2482 919 2538 ot
938 2481 1122 2539 sinistrant.

319 2627 350 2688 1.
373 2626 488 2685 Caelica
510 2633 672 2685 sanctorum
694 2627 769 2699 quod
794 2627 899 2685 elamat
920 2625 1005 2684 turba
1027 2626 1080 2684 sub
1103 2643 1164 2699 ara,

369 2711 483 2770 Affeotn
505 2712 582 2771 socio
603 2713 761 2784 psallamus
783 2729 853 2770 voce
875 2729 994 2771 sonora:

446 2791 536 2844 Intret
553 2792 584 2844 in
601 2797 744 2860 conspeetu
759 2796 814 2857 tuo,
833 2792 960 2856 Domine,
976 2792 1090 2859 pemitus
1108 2790 1329 2858 compeditorum

319 2867 349 2928 2.
371 2865 475 2923 Iudicii
498 2865 601 2923 libram
623 2867 671 2938 qui
694 2867 769 2923 iusto
790 2867 921 2939 pondere
942 2881 1056 2938 pensas,

447 2944 526 2998 redde
543 2945 641 3000 mauis
658 2946 761 2999 nostris
780 2946 934 3015 septuplam
951 2946 984 2997 in
1001 2946 1067 2997 sinu
1085 2959 1189 3009 eorum-3

322 3020 351 3079 3.
374 3017 427 3090 Qui
449 3019 543 3076 nullas
565 3025 677 3076 sontum
701 3019 799 3091 culpas
822 3020 942 3092 patieris
964 3019 1080 3092 inultas,

446 3097 559 3151 uindico
577 3099 738 3167 soupninem
758 3105 916 3154 sanctorum
933 3103 1050 3162 tuorum,
1069 3099 1118 3163 qui
1136 3099 1240 3166 effusus
1258 3103 1304 3151 est.

312 3240 391 3304 Trop.
415 3255 463 3288 ms.
481 3239 654 3290 Martialense
677 3255 746 3290 saec.
773 3236 812 3289 10.
849 3240 912 3289 Cod.
931 3240 1046 3288 Parisin.
1072 3233 1145 3288 1084.
1164 3240 1195 3288 A.
1218 3267 1250 3274 -
1268 3239 1348 3304 Trop.
1371 3255 1419 3288 ms.

233 3307 416 3358 Martialense
441 3323 509 3358 saec.
535 3304 575 3357 10.
600 3323 639 3358 ex.
676 3309 739 3358 Cod.
760 3309 873 3357 Parisin.
895 3305 968 3358 1118.
987 3309 1016 3356 Β.
1035 3333 1068 3342 -
1087 3307 1166 3373 Trop.
1184 3324 1232 3357 ms.
1250 3307 1423 3358 Martialenso

233 3392 310 3428 saec.
338 3373 378 3426 11.
414 3376 478 3426 Cod.
500 3377 615 3426 Parisin.
640 3373 697 3426 909.
717 3377 746 3428 C.
764 3401 798 3411 -
815 3377 894 3441 Trop.
919 3393 966 3426 ms.
985 3377 1174 3426 Moissiacense
1192 3390 1261 3425 saec.
1280 3373 1320 3425 ll.
1356 3375 1421 3426 Cod.

235 3445 359 3496 Parisin.
378 3445 465 3495 Nouv.
486 3459 544 3510 aeq.
565 3441 637 3494 1871.
657 3445 689 3494 D.
708 3471 742 3480 —-
759 3447 837 3510 Trop.
858 3461 905 3494 nis.
924 3445 950 3495 S.
969 3445 1059 3494 Aredii
1077 3445 1274 3494 Lemovioensis
1292 3460 1360 3494 saec.
1380 3440 1420 3493 11.

237 3513 306 3564 Coo.
332 3513 444 3562 Parisin.
469 3509 527 3563 903.
552 3513 583 3562 Ε.
601 3539 635 3548 -
658 3514 737 3579 Trop.
762 3529 809 3562 ms.
829 3513 854 3563 S.
876 3514 986 3564 Martini
1004 3513 1202 3562 Lemovioensis
1226 3527 1295 3563 saec.
1319 3509 1359 3563 11.
1383 3515 1419 3562 in.

238 3581 307 3632 eod.
327 3581 442 3630 Parisin.
464 3578 536 3631 1120.
555 3582 583 3631 F.
603 3607 636 3616 -
657 3579 680 3642 1,
698 3579 714 3631 2
733 3597 829 3632 canora
848 3583 878 3632 F.
896 3608 928 3617 -
948 3578 964 3630 2
981 3581 1108 3646 ponderet
1124 3581 1158 3630 D.
1170 3606 1204 3617 ·-
1223 3577 1424 3632 lolintona

235 3651 280 3702 als
301 3647 445 3700 Commune
463 3651 609 3714 Martyrum
627 3650 783 3716 gebraucht3
802 3651 873 3700 wohl
891 3651 996 3716 richtig.

537 3875 599 3932 233.
627 3877 662 3931 In
681 3891 721 3933 ss.
741 3877 869 3932 Fabiani
887 3877 919 3931 ot
937 3874 1122 3932 sebastiani.

332 4019 363 4080 1.
386 4017 504 4091 Suscipe
526 4023 688 4076 sanctorum
711 4016 839 4088 festivas,
863 4035 914 4076 ren
937 4019 993 4090 pie,
1018 4018 1128 4091 landes,

385 4103 460 4174 Quas
482 4102 537 4160 tibi
560 4104 734 4162 concinimus
756 4104 860 4175 psalmi
882 4104 1057 4161 modulando
1080 4120 1227 4164 camenas:

448 4182 535 4235 Intret
552 4183 584 4234 in
600 4188 743 4252 conspeetu
760 4189 815 4247 tuo,
833 4182 960 4247 Domine,

334 4258 363 4316 2.
386 4257 449 4313 Vox
471 4261 623 4328 votumque
646 4257 735 4328 chori,
758 4262 857 4314 noster
879 4254 1033 4316 famulatus
1055 4262 1084 4313 et
1106 4257 1197 4316 omnis

447 4336 561 4404 qemitus
581 4335 803 4403 compeditorum

336 4409 364 4468 3.
386 4408 437 4480 Qui
460 4409 557 4468 reddis
579 4409 709 4467 bravium
732 4409 814 4467 iustis
836 4411 866 4468 in
889 4426 956 4468 arce
975 4411 1116 4485 polorum,

449 4488 529 4542 redde
545 4489 643 4543 munis
659 4491 762 4543 nostris
780 4490 934 4557 septuplum
950 4492 982 4543 ia
1000 4491 1065 4544 sinu
1084 4506 1191 4559 comum

340 4562 369 4618 4.
390 4560 492 4620 Ultrioi
516 4563 653 4635 reprobos
675 4564 777 4621 merito
798 4565 846 4636 qui
870 4565 989 4637 cuspide
1009 4566 1124 4639 perdes,

450 4641 558 4696 uindico
578 4644 737 4710 sanquinem
756 4649 912 4697 sauctorum
929 4650 1046 4707 tuorum,
1065 4645 1112 4712 qui
1129 4645 1233 4712 effusus
1252 4648 1297 4697 est.
