3409 5384
704 510 937 575 -371-

379 683 409 741 6.
433 676 536 757 Fraus,
560 681 643 739 dolus
665 688 694 739 et
718 682 781 741 dira
804 683 910 756 cupido

435 766 496 825 Iam
519 772 640 839 regnant
663 767 692 825 in
715 774 775 826 toto
798 769 920 840 mundo3

435 852 588 911 Praevalet
608 853 723 925 impius,
749 846 766 885 *
790 854 876 913 laude
899 854 1002 929 dignus
1024 862 1069 915 est
1090 872 1215 931 pravus3

521 937 654 995 Probitas
679 937 786 1015 horret,

520 1023 664 1083 Sanctitas
688 1024 838 1103 displicet;

518 1109 659 1166 Versutns
685 1114 729 1165 est
751 1110 885 1189 optimus,

517 1194 608 1254 Utilis
630 1198 673 1250 est
695 1193 842 1266 subdolus,

433 1277 531 1335 Hebes
553 1286 598 1335 est
619 1279 763 1355 innocens,
788 1284 906 1338 sanctus
927 1280 1059 1349 iniustus,

434 1361 576 1422 Gradiens
599 1370 679 1422 recte
701 1380 864 1436 perversus.

517 1453 556 1520 R.
583 1456 657 1526 Heu,
681 1458 788 1532 miseri,

581 1544 656 1617 Heu,
680 1543 793 1601 miseri!

581 1629 665 1703 Quid,
690 1629 783 1706 homo,
806 1629 935 1702 ineptam

581 1713 715 1786 Sequeris
737 1714 900 1772 laetitiam?

375 1825 405 1886 t.
429 1818 549 1885 Gladius
573 1825 679 1883 vindex
701 1829 730 1882 et
752 1826 796 1883 ira
821 1827 954 1887 caelestis

430 1908 483 1967 His
505 1910 637 1982 protinus
659 1910 789 1967 imminet
811 1913 905 1974 malis.

430 1994 564 2055 Solvetur
586 1995 717 2067 Satanas,
744 1988 761 2026 *
785 1996 903 2055 seducet
927 2014 1027 2056 omnes
1048 2003 1158 2072 gentes,

514 2081 648 2138 Vestiens
671 2096 785 2138 carnem
847 2144 850 2149 ,

513 2166 607 2224 Homo
629 2165 784 2239 videbitur,

512 2250 576 2327 Qui,
600 2267 662 2308 cnm
685 2251 723 2309 sit
746 2251 912 2309 desemine

512 2335 605 2394 Natus
624 2336 732 2409 iniquo,

427 2420 512 2479 Dicet
535 2437 566 2479 se
589 2422 626 2480 de
648 2422 759 2494 virgine
780 2430 972 2496 procreatum,

427 2506 574 2565 Praebens
597 2523 636 2578 se,
660 2516 804 2579 tamquam
828 2507 866 2565 sit
888 2508 975 2567 Deus.

512 2587 548 2654 R.
579 2593 651 2669 Heu,
676 2592 783 2667 miseri,

494 2697 499 2703 ·
576 2679 652 2749 Heu,
675 2678 791 2735 miseri!

576 2763 660 2838 Quid,
685 2763 776 2834 bomo,
800 2763 927 2835 ineptam

578 2848 713 2920 Sequeris
734 2847 897 2906 laetitiam?

370 2960 402 3019 8.
425 2954 481 3018 Hic
506 2974 602 3031 regem
626 2959 697 3016 caeli
721 2974 752 3015 se
774 2958 968 3035 praedicabit,

361 3051 362 3055 ’
426 3044 459 3101 ln
482 3043 591 3115 templo
614 3044 669 3101 Dei
691 3042 814 3114 sedebit,

426 3130 578 3189 Pervertet
600 3129 722 3203 populos
746 3121 764 3159 *
787 3137 850 3186 arte
875 3129 947 3189 mira
969 3131 1108 3205 nocendi;

512 3214 641 3286 Cupidos
662 3230 785 3288 namque
1042 3231 1045 3235 ⁴

512 3300 626 3357 Flectet
648 3300 822 3374 muneribus,

512 3385 615 3443 Fortes
639 3386 669 3443 in
692 3385 760 3463 tide,

512 3471 683 3530 Constantes
704 3472 734 3529 in
757 3487 845 3545 opere

427 3555 561 3614 Terrebit
583 3557 673 3633 signo,
698 3558 824 3631 pulsabit
846 3556 956 3635 poenis,

427 3640 558 3698 Disertos
580 3642 670 3700 verbo
693 3644 790 3701 eludet
814 3642 920 3703 verbis.

512 3721 550 3789 R.
577 3728 649 3806 Heu,
664 3730 783 3801 miseri,

577 3814 651 3886 Heu,
673 3815 787 3871 miseri!
820 3880 823 3885 ¹

577 3900 662 3971 Quid,
686 3900 778 3971 bomo,
801 3898 928 3967 ineptam

578 3984 711 4057 Sequeris
733 3981 898 4041 laetitiam?

374 4097 404 4156 9.
428 4089 483 4155 Ille
506 4101 576 4154 nutu
599 4094 754 4168 permissus
777 4084 900 4162 superno

429 4180 572 4253 Regnabit
595 4181 623 4237 in
647 4185 707 4237 toto
721 4178 852 4247 ‘mundo;

429 4256 571 4323 Gentibus
594 4264 708 4337 populis
733 4256 750 4293 *
775 4261 894 4319 credere
916 4259 1059 4336 suadebit,

514 4351 616 4410 Faciet
637 4350 709 4405 mira

515 4438 652 4495 Portenta
674 4448 786 4504 magna,

515 4519 638 4593 Colliget
660 4516 815 4589 discipulos

514 4607 652 4665 Versutos
675 4610 703 4661 et
726 4600 855 4681 callidos,
