3409 5384
768 550 810 558 -
856 517 915 577 130
958 550 1001 556 —

673 680 735 737 ant.
763 681 797 735 ln
816 681 916 737 sancti
935 681 1099 737 Martialis.

455 799 483 859 1.
507 797 661 872 Martialis,
685 797 784 871 hagius
807 799 933 870 praesul,
957 815 1019 855 cum
1043 799 1181 871 apostolis
1203 797 1279 856 idem

508 885 542 942 In
566 882 674 943 Christi
696 883 789 940 nitida
811 884 915 940 meruit
939 883 1119 941 discumbere
1142 900 1230 961 cena3

564 961 666 1015 Statuit
683 963 707 1016 ci
724 961 863 1016 Dominus
881 968 1066 1017 testamcutum
1080 964 1170 1031 pacis,

454 1041 481 1098 2.
505 1038 579 1097 Nam
603 1043 726 1094 veterem
751 1037 842 1110 legem
866 1037 968 1110 diguus
990 1038 1090 1095 videre
1112 1041 1259 1110 peractam

505 1122 644 1194 Haecque
666 1139 740 1179 novo
762 1122 906 1182 Christum
931 1122 1004 1181 vidit
1025 1124 1159 1197 sanctire,
1183 1128 1212 1180 et
1233 1122 1301 1179 inde

564 1206 589 1254 et
602 1201 756 1269 principem
773 1203 838 1269 fecit
854 1219 922 1265 mm,

455 1278 483 1336 3.
508 1275 658 1348 Clavigero
681 1275 753 1333 caeli
778 1277 864 1334 Petro
887 1291 970 1348 quem
992 1276 1082 1349 gessit
1103 1276 1257 1345 alumnum,

507 1360 648 1433 Dogmate
671 1361 811 1418 catholico
835 1363 982 1419 cumulans
1005 1377 1068 1419 cum
1089 1368 1240 1434 pneumate
1262 1362 1375 1425 sancto,

563 1445 594 1492 nt
612 1440 647 1492 sit
665 1441 709 1493 illi
727 1441 872 1494 sacerdotii
890 1440 1027 1509 depastam·

455 1516 483 1573 4.
507 1513 630 1588 Agmine
652 1515 809 1586 apostolico
832 1515 955 1573 rutilans
979 1513 1142 1573 diademate
1165 1528 1248 1570 sacro

508 1599 643 1660 Coetibns
666 1601 801 1672 angelicis
826 1607 928 1657 vernat
950 1600 1074 1659 sociatus
1096 1612 1217 1658 ovanter

563 1681 594 1732 in
612 1683 755 1733 odernam.

369 1778 448 1842 Trop.
468 1793 515 1826 ms.
534 1777 560 1826 S.
579 1778 688 1826 Martini
707 1779 904 1828 Lemovicensis
922 1795 990 1828 saec.
1012 1775 1050 1828 11,
1069 1781 1104 1827 in.
1135 1777 1199 1827 Cod.
1216 1775 1331 1825 Parisin.
1352 1767 1430 1823 1120.
1450 1799 1490 1806 —

317 1845 437 1912 Trophos
455 1846 486 1896 de
500 1861 520 1894 s.
533 1841 681 1895 Martiale“.
700 1873 734 1879 -
754 1845 775 1906 1,
797 1845 807 1895 1
824 1847 929 1911 praesul
942 1847 1012 1911 quod
1025 1847 1161 1912 apostolis.
1179 1872 1213 1877 —
1233 1840 1254 1903 1,
1272 1840 1436 1894 tchristus.
1451 1867 1490 1874 -

300 1884 325 1977 ᾖ,
344 1911 358 1964 1
377 1919 492 1965 veterem
512 1914 644 1978 indignas.
664 1941 697 1947 —
714 1911 738 1974 2,
757 1911 773 1963 2
793 1917 858 1965 Cum
877 1931 930 1980 qua
948 1931 1017 1964 nova
1035 1915 1165 1964 Christus.

675 2084 736 2139 2115.
764 2084 798 2138 Iu
818 2085 917 2141 sancti
936 2083 1101 2140 Martialis.

432 2202 460 2263 1.
484 2200 605 2258 Sanctus
627 2196 783 2275 Martialis,
808 2199 936 2275 fulgorus
958 2201 1114 2273 apostolus,
1137 2200 1230 2271 ipsum

484 2285 577 2344 Came
599 2287 690 2344 Deum
714 2286 817 2343 meruit
839 2286 951 2343 iuvenis
975 2286 1108 2343 habuisse
1131 2285 1309 2357 magistrum,

531 2363 661 2418 statuuat
678 2381 737 2418 enm
755 2364 831 2418 Deus
849 2372 873 2419 et
890 2367 968 2420 catut
985 2380 1032 2418 cor
1049 2381 1144 2428 salutm

431 2441 461 2499 2.
484 2439 581 2498 Fortis
604 2455 700 2496 amore
722 2439 775 2496 Dei
798 2456 864 2497 nam
887 2440 996 2511 sprevit
1019 2445 1169 2510 utrumque
1191 2442 1351 2510 parentem,

485 2525 572 2596 Quem
596 2525 734 2582 Dominus
757 2527 886 2582 cenando
908 2542 988 2582 suum
1013 2525 1095 2582 dedit
1117 2540 1180 2580 esse
1202 2523 1384 2596 ministrum3

532 2605 656 2672 cognouit
674 2605 785 2657 semitas
803 2621 877 2668 snas,

434 2681 462 2740 3.
487 2677 612 2749 Spiritus
634 2677 767 2750 ignifluus
790 2679 905 2736 Domini
929 2695 1011 2751 tpuem
1034 2679 1097 2735 iure
1119 2677 1244 2748 replevit

485 2763 648 2835 Omnigenis
671 2764 775 2834 linguis
799 2771 827 2821 et
849 2780 917 2822 vero
941 2766 1072 2836 dogmate
1095 2762 1213 2831 Christi,

532 2841 642 2896 dedm‘cit
659 2843 735 2895 illam
753 2844 784 2896 in
801 2845 848 2896 oio
867 2850 991 2910 aeterno,-

431 2918 461 2975 4.
485 2916 635 2988 Clavigero
659 2919 730 2974 caeli
755 2919 865 2975 meritis
888 2925 916 2975 et
938 2918 1075 2990 sanguiue
1097 2932 1186 2974 nexus
1227 2968 1231 2975 .

487 3002 520 3059 In
544 3003 616 3059 solio
638 3001 790 3059 Dominum
814 3003 944 3062 residens
967 3003 1110 3061 collaudat
1133 3003 1163 3058 in
1186 3016 1296 3073 aevum,

530 3086 554 3133 et
571 3082 655 3134 nimis
674 3083 846 3148 confortatus
865 3089 904 3135 cst
917 3083 1094 3150 principatus
1113 3082 1179 3132 eins.

371 3187 450 3252 Trop.
469 3203 516 3236 ms.
530 3189 556 3238 S.
569 3187 711 3254 Augustini
723 3190 920 3238 Lemovicensis
940 3205 1007 3238 saec.
1030 3186 1069 3237 11.
1100 3188 1163 3236 Cod.
1176 3188 1289 3236 Parisin.
1310 3179 1385 3234 1119.
1400 3184 1434 3234 Δ.
1456 3211 1495 3218 -

303 3254 383 3320 Trop.
407 3272 454 3304 ms.
473 3256 644 3305 Martialcnse
668 3272 735 3306 saec.
759 3255 798 3306 11.
836 3259 899 3308 Cod.
918 3259 1030 3307 Parisin.
1049 3253 1108 3306 909.
1128 3257 1156 3304 B.
1175 3281 1209 3290 -
1229 3252 1256 3314 1,
1283 3250 1432 3316 liulgoris
1454 3254 1493 3314 133

304 3340 338 3374 uu
358 3321 507 3388 „fulgorus“
527 3325 572 3374 cir.
589 3326 634 3374 Nr.
657 3321 714 3384 288,
734 3326 800 3374 Vers
819 3323 843 3376 3.
861 3354 896 3360 -
914 3328 981 3376 Hier
998 3328 1026 3374 in
1045 3324 1139 3375 beiden
1151 3324 1263 3386 Quelleu
1281 3322 1327 3371 der
1339 3321 1494 3370 Introitus·

304 3396 361 3442 text
380 3389 569 3458 „Probavit“
593 3409 653 3442 vom
672 3393 754 3443 Jahre
774 3391 837 3444 1131
857 3391 968 3457 (11281).

676 3560 739 3616 aaa.
766 3562 800 3615 ln
820 3561 919 3617 sauctl
938 3561 1102 3618 Martialis.

461 3679 488 3737 1.
513 3677 619 3734 Christi
642 3678 809 3748 discipulus,
834 3678 967 3735 Hebraeo
989 3678 1116 3751 germine
1138 3677 1242 3748 clarus,

512 3762 664 3832 Martiana,
689 3763 871 3833 splendorem
896 3763 967 3819 datis
990 3763 1179 3836 Aquitanicae
1202 3760 1288 3835 genti,

570 3841 700 3894 Probent
717 3859 776 3894 enm
795 3843 874 3895 Dens
892 3847 916 3894 et
934 3844 1011 3894 scirit
1030 3858 1075 3896 cor
1093 3858 1187 3905 saum3

454 3918 483 3975 2.
507 3914 620 3972 Emicat
642 3916 688 3971 llic
709 3933 781 3973 unus
806 3917 840 3974 de
863 3919 1045 3989 septuaginta
1069 3917 1178 3973 duobus

513 4000 637 4072 Signatis
661 4001 782 4058 Domino
805 4003 929 4059 iudaeae
951 4019 1004 4073 per
1025 4004 1089 4060 loca
1112 4001 1214 4067 missis,

568 4081 691 4147 copnoct't
709 4081 817 4133 sentitus
836 4098 911 4144 suas,
1240 4106 1243 4111 ·

458 4157 486 4214 3.
511 4153 638 4224 Corpore
660 4171 741 4225 quem
765 4155 905 4228 invenem,
928 4157 979 4213 sed
1004 4157 1091 4212 corde
1113 4171 1208 4212 senem
1229 4153 1284 4210 sibi
1306 4150 1386 4224 legit,

570 4233 682 4286 destruxit
699 4235 777 4286 illam
796 4235 827 4286 in
845 4236 891 4286 trin
909 4241 1026 4299 aeterno,

459 4308 487 4363 4.
513 4305 607 4364 Gallia
629 4325 710 4380 quom
735 4310 846 4368 salvata
869 4316 978 4382 patrem
1003 4319 1155 4368 veneratur
1177 4309 1206 4364 iu
1229 4322 1338 4375 aevum,

568 4393 590 4439 et
607 4389 690 4440 nitriis
709 4391 878 4455 confortatas
896 4395 934 4442 est
952 4390 1127 4457 Principutas
1145 4389 1210 4440 eins.

374 4488 453 4554 Trop.
472 4506 519 4538 ma.
540 4493 565 4542 S.
581 4491 722 4555 Augustini
736 4495 931 4542 Lemovicensis
950 4510 1018 4543 saec.
1039 4492 1078 4544 11.
1109 4493 1170 4543 Cod.
1184 4494 1297 4542 Parisin.
1319 4489 1393 4541 1119.
1407 4493 1443 4543 A.
1457 4521 1497 4528 —

305 4557 384 4621 Trop.
407 4574 454 4606 ms.
479 4559 650 4608 Martialense
673 4574 741 4610 saec.
767 4560 805 4611 11.
845 4563 908 4613 Cod.
932 4564 1046 4612 Parisin.
1071 4560 1129 4612 909.
1155 4565 1182 4610 B.
1205 4588 1240 4594 —
1265 4558 1293 4620 1,
1315 4558 1331 4608 ‘2
1357 4561 1497 4624 splendor

306 4641 414 4676 emoaus
432 4627 606 4692 Aquitanicae
624 4631 710 4693 gentis
728 4629 759 4676 A.
