3409 5384
673 567 714 578 ..
759 533 798 597 19
843 570 884 579 ..

474 701 510 756 ln
528 701 635 758 Natali
653 717 678 757 s.
698 701 843 756 Iohannis
860 699 1085 767 evangelistae.

291 810 424 871 Quoniam
436 808 567 857 Dominus
579 808 654 857 Iesus
668 806 789 858 Christus
807 811 928 856 sanctum
945 805 1090 856 Iohannem
1103 806 1161 872 plus
1174 820 1254 871 quarn
1267 811 1368 857 ceteros

290 877 421 942 diligebat
439 876 585 940 apostolos,

498 940 536 994 In
553 939 639 993 mettio
657 939 782 994 ecclesias
799 941 907 1007 apauit
926 939 957 991 os
975 939 1042 1003 stus,

247 1024 248 1027 ’
290 1013 328 1064 Ut
352 1017 545 1063 sacramentum
568 1011 630 1062 fidei
648 1016 675 1062 et
692 1012 807 1062 Verbum
825 1015 994 1062 coaeternum
1011 1012 1082 1076 patri
1100 1012 1205 1076 scriptis
1224 1011 1323 1076 pariter
1341 1016 1367 1062 et

291 1081 369 1131 dictis
386 1080 566 1146 praedicaret3
1129 1081 1133 1092 “

497 1151 528 1200 et
537 1144 661 1212 emes
674 1160 734 1198 unt
752 1143 902 1211 Dominus,

292 1218 345 1279 Qui
364 1233 424 1268 eum
440 1219 471 1267 in
488 1222 591 1267 tantum
609 1216 710 1277 dilexit,
728 1222 758 1267 ut
775 1218 805 1265 in
821 1231 890 1267 sena
902 1216 1083 1268 sacratissima
1094 1231 1175 1281 supra
1188 1221 1279 1282 pectus
1291 1231 1367 1267 suum

292 1288 381 1351 ipsum
399 1287 551 1336 recumbere
569 1285 740 1351 permisisset,
870 1323 872 1327 .

496 1350 598 1418 spirtius
616 1348 767 1417 sapientiae
785 1354 809 1403 et
825 1349 981 1413 intellectus,

290 1424 350 1485 Quo
369 1423 516 1488 inspirante
534 1421 727 1486 evangelizavit
744 1420 848 1474 diceus:
868 1422 898 1470 In
916 1421 1046 1487 principio
1065 1425 1122 1472 erat
1136 1421 1255 1488 verbum,
1272 1427 1299 1472 et
1310 1438 1369 1474 ver·

289 1492 355 1542 bum
372 1499 429 1541 erat
446 1490 517 1558 apud
535 1490 630 1551 Deum,
647 1495 674 1539 st
692 1491 764 1539 Deus
782 1494 839 1539 erat
856 1490 978 1550 verbum3

497 1555 594 1609 stolam
611 1554 715 1623 ponae
730 1553 823 1607 induit
840 1570 908 1607 mm.

367 1627 472 1682 Psalm:
489 1623 603 1745 {onum
629 1628 669 1677 est
694 1622 817 1690 confiunt
842 1621 965 1675 Domino
992 1627 1017 1676 et
1042 1622 1160 1690 psaltere
1187 1622 1368 1689 nominituo,

528 1692 641 1755 tissim·
1301 1711 1303 1716 ⁸

288 1764 357 1814 Inde
380 1758 431 1813 nos'
453 1765 546 1814 moniti
569 1767 678 1830 peccata
701 1768 792 1814 nostra
814 1761 969 1813 confitentes
987 1763 1051 1824 tihi,
1077 1762 1197 1823 Christe,
1220 1770 1364 1830 sanctoque

289 1831 405 1882 Iohanni
422 1832 561 1897 psallimus
578 1832 709 1882 dicentes:

497 1895 534 1950 In
556 1896 643 1950 mettio
667 1896 789 1951 ecelesiae
811 1895 921 1963 operuit
943 1911 974 1950 os
998 1897 1055 1949 aus
1078 1904 1126 1950 eto.
1165 1897 1200 1962 (l.
1218 1900 1371 1966 Repetitio.)

497 1963 597 2019 Gloria
609 1964 690 2032 potet
706 1969 730 2018 et
747 1965 804 2031 titio
822 1969 847 2016 et
866 1965 981 2033 spiritui
997 1969 1093 2019 sonmo
1111 1971 1169 2029 etc,

290 2033 516 2104 Quam2trinitatis
525 2037 638 2101 gloriam
653 2034 658 2100 Ι
673 2036 793 2087 Dilectus
803 2039 854 2086 iste
861 2037 968 2086 Domini
984 2032 989 2100 Ι
1003 2036 1136 2087 Iohannes
1144 2035 1365 2103 profundissimel

289 2105 326 2155 Et
344 2105 477 2157 intellexit
495 2110 522 2156 et
539 2106 616 2156 nobis
632 2106 637 2168 Ι
652 2105 719 2155 Eam
737 2106 932 2170 pronuntiavit3

497 2170 535 2222 In
555 2169 641 2223 medio
660 2169 784 2224 ecthetas
800 2170 911 2237 epmott
929 2178 978 2222 etc.
1010 2167 1044 2234 (2.
1062 2170 1214 2238 Repetitio).

257 2241 292 2292 So
311 2243 349 2292 im
367 2241 447 2308 Trop.
465 2259 514 2293 ms.
531 2241 706 2306 Sangallense
724 2257 792 2292 saec.
812 2239 851 2293 ll.
884 2240 949 2292 Cod.
965 2240 1117 2303 Sangallen.
1136 2237 1201 2306 376;
1218 2241 1298 2308 Trop.
1320 2257 1368 2291 ms.

194 2308 325 2365 Mindense
354 2325 423 2362 saec.
447 2308 487 2361 11.
530 2310 594 2361 Cod.
613 2310 762 2363 Berolinen.
785 2309 866 2360 theol.
884 2309 924 2360 IV
942 2306 987 2371 11;
1012 2309 1092 2375 Trop.
1110 2325 1157 2359 ms.
1175 2310 1369 2375 Bambergense

195 2391 257 2427 saec
271 2376 310 2429 ll.
329 2379 395 2430 cod.
408 2379 590 2429 Vindobonen.
605 2375 671 2429 1845
682 2379 737 2428 und
748 2381 777 2429 in
789 2378 839 2430 den
853 2378 951 2431 beiden
963 2379 1099 2444 Troparen
1113 2393 1163 2427 von
1180 2377 1217 2427 St
1228 2378 1370 2428 Emmeran

193 2443 265 2506 (saec.
279 2445 319 2496 ll.
338 2447 394 2496 und
412 2463 479 2497 saec.
499 2443 565 2497 ¹¹ln.
600 2447 666 2497 clm.
684 2448 821 2497 Monacen.
842 2442 932 2496 14322
950 2446 1004 2496 und
1025 2442 1131 2510 14083).

258 2514 339 2565 Nicht
355 2530 390 2563 nu
404 2514 582 2566 verwechssln
595 2517 643 2565 mit
654 2515 705 2565 den
716 2516 971 2581 Introitustropen
989 2515 1048 2564 sind
1067 2514 1165 2579 rhyth
1174 2514 1295 2564 mische
1308 2514 1372 2564 oder

196 2584 378 2634 metrische
395 2585 680 2644 Introitustexte‚
698 2583 797 2634 welche
815 2599 849 2634 an
869 2584 912 2634 die
924 2582 1007 2634 Stella
1025 2583 1070 2632 des
1089 2582 1369 2648 liturgisehenTextes

195 2649 235 2702 hie
258 2651 311 2702 und
328 2653 365 2703 da
383 2653 557 2720 eindrangen,
582 2651 636 2702 und
653 2667 707 2711 non
724 2651 809 2702 denen
826 2653 870 2702 die
889 2651 1016 2702 Analecta
1033 2649 1219 2713 verschiedene
1238 2650 1369 2718 Beispiele

197 2718 314 2771 hrachtsn
338 2718 403 2784 tvgl.
427 2736 453 2770 u.
478 2736 502 2771 a.
530 2721 594 2771 XIV
615 2721 647 2783 b,
671 2738 696 2786 p.
715 2716 846 2782 243-603
871 2721 980 2780 itata,
999 2737 1024 2786 p.
1042 2716 1094 2770 202
1113 2718 1180 2786 sqq.)
1196 2745 1230 2754 -
1247 2719 1294 2770 Ich
1309 2721 1370 2784 fuge

195 2784 248 2838 hier
264 2791 307 2839 ein
326 2789 445 2854 Beispiel
464 2789 508 2841 bei
528 2804 577 2840 aus
595 2789 655 2839 dem
672 2790 748 2839 Miss.
765 2790 923 2840 vivariense
941 2790 1004 2852 imp.
1026 2787 1150 2855 Lugduni
1170 2785 1249 2838 1527:

624 2905 659 2959 ln
677 2904 778 2960 sancti
796 2903 934 2972 Georglt.

708 2994 863 3056 Introitus.

501 3091 703 3146 Collaudemus*
721 3095 812 3145 mnndi
829 3089 974 3147 creatorem

534 3160 658 3229 Georgii*
675 3163 770 3213 festum
788 3162 960 3228 celebrantes,

501 3233 586 3294 Quem
604 3229 718 3282 milites*
737 3231 837 3282 habent
853 3233 883 3282 in
900 3233 1029 3294 decorem,

533 3297 679 3364 Martyris*
697 3301 773 3351 cuius
790 3300 955 3366 gratulantes

535 3368 603 3420 Sunt
620 3370 760 3434 Deumque
777 3369 924 3420 laudantes.

679 3539 885 3548 ——u-——a-

381 3670 434 3750 A.
470 3671 825 3754 Introductiones
853 3674 910 3753 ad
931 3671 1179 3754 Introitum.

705 3829 859 3838 *-

624 3893 654 3962 l.
687 3895 739 3962 Ite
761 3896 946 3980 Tempore.

550 4012 580 4070 1.
606 4012 767 4069 ltomlnica
784 4015 807 4068 1.
826 4015 978 4072 Adventus
994 4015 1044 4074 pr,

296 4117 452 4194 Gregorius
475 4120 726 4194 praesumeritis
749 4128 778 4179 et
799 4123 914 4181 nomine
936 4123 1048 4201 dignus,

295 4203 382 4265 Unde
403 4220 493 4279 genus
516 4205 606 4283 ducit,
629 4221 768 4265 summum
792 4209 958 4268 conscendit
979 4209 1132 4282 honorom3

295 4289 457 4349 Renovnvit
478 4297 663 4350 mnumenta
685 4297 799 4365 patrum
821 4293 959 4369 priorum,

294 4379 364 4433 tunc
386 4376 545 4449 composuit
569 4375 645 4436 hunc
666 4376 796 4436 libellum
809 4377 945 4438 musicae
966 4380 1038 4440 artis
1061 4380 1177 4441 scholae
1200 4385 1347 4440 cantorum

296 4460 363 4518 anni
386 4459 504 4523 circulo.

297 4543 354 4604 Eia
376 4545 433 4622 dic,
457 4547 570 4623 domne,
594 4547 655 4606 eia:
1086 4607 1088 4613 s

397 4629 451 4692 As
470 4633 498 4692 te
519 4631 612 4692 boeot
634 4633 769 4692 mimum
790 4649 897 4712 mecm,
920 4633 1003 4694 Dee
1023 4651 1104 4696 meus
1127 4641 1182 4694 etc.

1178 4732 1217 4785 2*
