3409 5384
798 493 1011 557 ..46-

678 663 723 719 ut.
750 663 785 716 In
804 661 974 718 Nativitato
993 661 1127 717 Domini.

808 770 840 817 In
858 769 1018 819 Gallienum.

349 891 378 952 1.
400 891 471 950 Flos
495 890 532 948 de
554 889 638 963 spino
660 895 829 962 procreatur
966 892 994 952 3.
1018 889 1095 948 Rure
1118 889 1209 947 vellus
1231 888 1378 963 irrigatur,

400 976 440 1034 Et
462 991 515 1048 per
537 973 636 1033 florem
660 976 829 1051 decoratum
1018 974 1118 1034 Rnbns
1138 974 1244 1034 ardens
1266 990 1322 1032 nou
1342 981 1497 1048 crematur,

402 1060 450 1119 Sic
471 1061 568 1120 Maria
591 1058 772 1132 fecundatur,
1017 1059 1137 1132 Quando
1158 1060 1276 1118 verbum
1298 1059 1465 1118 incarnatur

400 1146 569 1205 Fecundam
591 1145 771 1216 sublimetur,
1018 1145 1058 1204 Et
1078 1146 1216 1204 intactum
1238 1150 1425 1203 conservatur

442 1231 563 1305 Quando
585 1231 663 1304 parit
684 1229 784 1293 filium.
1062 1231 1195 1291 Puellare
1217 1230 1363 1304 gremium.

399 1311 541 1365 Dominus
562 1309 633 1364 distr
651 1311 687 1364 cd
707 1327 760 1363 rw:
784 1310 881 1365 Filius
1020 1309 1118 1364 Gloria
1132 1310 1212 1378 patri
1226 1313 1251 1362 et
1298 1308 1499 1376 metoparum·

401 1394 474 1432 merca
493 1395 521 1432 es
538 1384 578 1444 tu,
595 1392 641 1447 eqo
659 1379 738 1434 hodie
754 1380 837 1450 ymeri
848 1384 880 1433 te.
1020 1383 1115 1433 summo
1133 1407 1167 1416 —
1184 1393 1265 1432 sacru
1276 1393 1362 1432 orum.
1402 1380 1498 1431 Amerc.

348 1491 378 1548 2.
401 1488 490 1546 Porta
512 1488 609 1546 clausa
631 1488 825 1561 pertransitur
971 1491 998 1549 l.
1022 1487 1132 1548 Chorus
1155 1491 1253 1544 noster
1275 1485 1447 1546 iucundetur

401 1573 501 1644 Neque
524 1578 625 1646 patens
648 1571 809 1647 invenitur,
1020 1572 1207 1630 Iucundando
1230 1570 1408 1648 sublimetur,

402 1658 511 1717 Manna
534 1658 639 1717 vermis
662 1658 816 1733 enutritur,
1018 1657 1096 1716 Laus
1118 1656 1264 1729 honorque
1287 1655 1431 1730 iubiletnr,

404 1743 493 1817 Virge
514 1741 585 1801 llore
608 1743 769 1817 redimitur,
1018 1742 1171 1801 lubilando
1194 1749 1382 1814 concrepatur

445 1829 525 1888 Rosa
547 1828 623 1900 perit
645 1828 747 1887 lilium.
1062 1827 1240 1886 Benedicens
1261 1827 1430 1885 Dominum:

402 1907 569 2045 Psffrc
581 1910 882 1976 fremueruutyeuteset
1018 1908 1158 1962 Dominus
1180 1906 1251 1960 discit
1268 1906 1305 1960 ad
1322 1923 1375 1960 me:
1401 1905 1497 1960 Folius

400 1994 439 2046 po
491 1976 640 2031 soleditate*
658 1976 863 2030 santleonio?
1019 1991 1092 2030 meus
1110 1991 1137 2030 es
1155 1980 1193 2040 tc,
1211 1991 1257 2042 eoo
1274 1974 1352 2030 hodie
1369 1976 1451 2045 yecut'
1463 1979 1497 2029 ie.

388 2103 487 2151 Direet.
512 2088 559 2149 rus.
587 2100 661 2149 chori
689 2100 846 2150 secoviense
873 2100 937 2149 armi
965 2095 1040 2149 1345.
1084 2099 1147 2149 Cod.
1172 2098 1297 2149 Graecen.
1327 2096 1384 2149 756.
1407 2098 1438 2148 A.
1464 2125 1494 2132 -

319 2171 441 2222 Caution.
466 2184 513 2217 ms.
531 2169 693 2233 Teguriuum
718 2181 786 2217 saec.
807 2165 846 2217 15.
883 2169 955 2232 (lgm.
974 2170 1111 2218 Monacen.
1131 2164 1188 2217 716.
1207 2167 1236 2216 Β.
1255 2194 1289 2202 -
1307 2167 1357 2216 Mit
1373 2167 1496 2228 Melodie,

317 2256 342 2289 u.
362 2256 384 2288 u.
407 2238 450 2288 die
478 2237 581 2302 gleiche
598 2237 641 2286 iim
658 2236 711 2286 alle
728 2234 746 2286 4
765 2235 904 2301 Strophent
922 2261 957 2270 -
976 2233 1003 2296 1,
1026 2232 1043 2285 2
1062 2238 1135 2298 Quae
1154 2253 1178 2301 p.
1196 2236 1213 2284 f.
1231 2240 1397 2300 eomparatur
1414 2235 1444 2284 B.
1463 2261 1497 2269 -

318 2304 345 2369 2,
364 2304 381 2357 2
399 2307 473 2367 Quae
491 2321 539 2355 nec
557 2311 650 2370 putens
668 2305 697 2354 B.
716 2330 750 2338 -
768 2301 797 2364 2,
814 2302 831 2354 3
849 2304 903 2354 und
920 2302 938 2354 4
957 2304 1109 2368 umgestellt
1125 2305 1155 2358 B.
1174 2330 1207 2338 -
1225 2300 1254 2365 2,
1272 2300 1289 2352 4
1306 2303 1397 2353 florem
1414 2305 1443 2353 B.
1462 2332 1497 2340 -

317 2373 342 2436 3,
362 2372 374 2424 l
394 2377 464 2425 Rore
481 2373 561 2425 tellus
579 2376 609 2423 Β.
627 2399 661 2408 -
678 2369 702 2432 3,
720 2368 738 2421 4
755 2374 857 2423 intuetu
874 2374 907 2422 A.
925 2399 958 2408 -
975 2370 1000 2435 3,
1019 2370 1035 2422 5
1054 2373 1172 2422 Puelluri
1189 2373 1289 2438 gremio
1307 2370 1338 2422 A.
1357 2398 1391 2406 -
1409 2367 1499 2422 stul

317 2446 402 2494 lautet
419 2446 454 2492 im
466 2443 504 2492 A:
518 2441 620 2492 Chorus
632 2448 722 2492 noster
735 2441 891 2491 iucundetur
907 2437 910 2506 Ι
926 2442 962 2492 Et
979 2443 1007 2490 in
1020 2440 1125 2492 Christo
1141 2441 1283 2491 collocetur
1298 2437 1302 2504 Ι
1317 2440 1496 2504 Concinando,

318 2512 507 2576 concrepando,
524 2507 528 2574 Ι
543 2512 654 2560 Matrem
673 2511 725 2559 Dei
742 2509 892 2560 venerando
909 2507 912 2573 l
928 2512 1011 2560 Laeto
1030 2514 1109 2560 canat
1126 2512 1222 2560 animo.
1234 2536 1268 2543 —
1285 2510 1317 2559 In
1334 2509 1358 2557 A
1376 2509 1435 2558 sind
1454 2508 1498 2558 dio

317 2581 518 2645 Anfaugsworte
535 2579 582 2630 des
600 2580 812 2628 Introituetextes
830 2578 899 2627 nach
913 2578 988 2643 jeder
1005 2579 1117 2643 Strophe
1135 2577 1297 2642 angomerkt,
1315 2578 1378 2627 iuB
1396 2579 1430 2627 ist
1447 2577 1496 2626 das

317 2649 509 2699 unterblicben.

678 2764 724 2819 68.
752 2764 787 2818 In
806 2764 977 2821 Natirltute
995 2763 1129 2820 Domini.

578 2907 606 2965 1.
627 2904 675 2963 Ad
699 2910 834 2964 aeternae
857 2905 959 2963 salutis
982 2906 1087 2978 gaudia

629 2994 657 3047 et
680 3006 731 3047 nos
753 2990 885 3048 salvandi
908 2991 1000 3064 gratie

629 3127 633 3138 ‚
691 3067 764 3121 Rter
781 3075 864 3122 uatus
883 3075 922 3124 est
941 3071 1027 3136 uobis,

693 3142 717 3190 et
734 3138 809 3204 filius
826 3137 909 3191 datus
927 3143 966 3190 est
982 3139 1071 3204 uobis,

576 3214 605 3270 2.
629 3211 701 3283 Rex,
724 3211 820 3269 lumen
844 3212 1008 3270 delumine

628 3302 730 3368 regnat
752 3296 781 3352 in
803 3297 924 3370 iustitia,

692 3391 771 3429 metus
789 3392 935 3444 emperiam
952 3393 1036 3445 super
1052 3393 1174 3431 umerum
1191 3379 1259 3444 elus,

576 3452 605 3510 3.
629 3449 683 3520 Qui
706 3449 842 3508 caelestia

629 3535 713 3592 simul
736 3542 765 3592 et
787 3535 936 3593 terrestria

627 3617 760 3678 fundavit
781 3620 873 3693 patris
897 3620 1049 3694 sapientia,

691 3705 716 3753 ei
733 3701 874 3754 vocabitur
890 3715 988 3754 nomen
1006 3702 1064 3754 mus

576 3778 606 3834 4.
630 3777 717 3834 Pater
739 3772 828 3832 futuri
851 3774 956 3832 saeculi

629 3859 811 3918 stultissimi
834 3857 921 3934 filius,

691 3939 784 4008 mount
800 3939 910 3992 consilii
930 3939 1052 4007 auectus.

384 4061 462 4124 Trop.
487 4076 536 4110 ms.
555 4061 727 4112 Martialense
750 4063 825 4112 anni.
838 4058 965 4114 933-36.
1001 4063 1064 4114 Cod.
1082 4064 1196 4115 Parisin.
1223 4058 1296 4114 1240.
1314 4063 1344 4112 A.
1364 4087 1396 4095 —
1415 4063 1497 4128 Trop.

315 4143 364 4179 ms.
383 4128 555 4179 Martialense
579 4144 647 4178 saec.
674 4126 713 4179 10.
750 4128 813 4179 Cod.
832 4131 946 4180 Parisiu.
966 4127 1040 4182 1084.
1058 4131 1088 4182 Β.
1107 4159 1140 4166 -
1157 4133 1236 4196 Trop.
1255 4147 1303 4181 ms.
1322 4131 1496 4182 Martialense

316 4211 384 4248 saec.
412 4194 452 4246 10.
474 4213 514 4247 ex.
550 4197 613 4248 Cod.
632 4198 746 4248 Parisin.
767 4195 839 4249 1118.
859 4199 888 4250 C.
906 4225 940 4232 -
957 4200 1036 4265 Trop.
1054 4216 1102 4250 ms.
1120 4200 1291 4252 Martialeme
1309 4215 1377 4250 saec.
1399 4195 1439 4249 11.
1458 4201 1496 4249 in.

316 4265 381 4316 Cod.
398 4265 514 4315 Parisin.
533 4262 608 4315 1121.
626 4267 660 4316 Ι).
672 4292 705 4300 -
718 4267 797 4331 Trop.
815 4279 863 4317 ms.
881 4268 1053 4319 Martialanso
1070 4284 1139 4319 saec.
1159 4266 1198 4318 11.
1226 4268 1290 4319 Ood.
1302 4268 1418 4319 Parisin.
1435 4264 1497 4318 909.

315 4333 399 4385 11.·
418 4333 497 4397 Trop.
520 4349 569 4383 nm.
586 4334 777 4385 Moissiacense
799 4350 868 4385 saec.
894 4332 933 4385 11.
970 4336 1033 4387 Ood.
1050 4337 1163 4386 Parisin.
1185 4340 1271 4390 Nouv.
1294 4353 1350 4402 aeq.
1372 4331 1446 4386 1871.
1465 4337 1495 4386 F.

315 4428 350 4437 -
371 4403 450 4466 Trop.
478 4417 527 4451 ms.
551 4403 714 4452 Niverneuse
739 4417 807 4453 saec.
833 4400 873 4452 11.
910 4402 974 4454 Cod.
996 4405 1111 4455 Parisin.
1136 4403 1212 4456 9449,
1235 4406 1321 4458 G.,-
1343 4404 1423 4468 Trop.
1447 4420 1495 4454 ms.

315 4471 501 4521 Wintouieuse
524 4485 593 4520 saec.
616 4467 655 4521 10.
673 4486 714 4521 ex.
751 4470 814 4520 Cod.
833 4473 961 4523 Oxouien.
981 4473 1055 4523 Bodl.
1073 4471 1131 4524 775.
1150 4476 1185 4524 Η.
1203 4499 1236 4509 -
1253 4476 1332 4538 Trop.
1352 4487 1398 4521 ms.
1417 4472 1496 4521 Win-

315 4540 436 4589 toniense
460 4553 529 4589 suae
555 4535 595 4588 11.
631 4538 694 4589 Cod.
719 4537 786 4589 coll.
811 4540 889 4606 Corp.
908 4540 1007 4592 Christi
1025 4541 1221 4608 cantabrigieu.
1244 4538 1303 4592 473.
1321 4542 1343 4591 Ι.
1360 4565 1394 4574 -
1414 4541 1495 4590 Knnn

316 4607 356 4657 alu
375 4609 435 4657 eine
453 4606 502 4657 Art
518 4623 572 4658 von
589 4608 746 4671 Reimprosa
763 4607 860 4672 gelten.
877 4607 913 4643 ’-
929 4609 960 4658 In
978 4611 1005 4658 H
1024 4609 1077 4659 und
1094 4613 1108 4662 Ι
1125 4626 1175 4660 nur
1193 4611 1306 4676 Strophe
1325 4606 1348 4660 1.
