3409 5384
1478 514 1943 576 —203—

1041 684 1141 745 21.
1191 684 1303 742 Pro
1350 686 1510 742 cuius
1557 687 1706 743 almo
1754 687 1980 745 nomine

1179 768 1403 827 Morior
1447 768 1576 828 fuso
1621 772 1913 845 sanguine,

520 844 768 900 Domine
800 846 948 911 Iesu,
990 848 1206 915 suscipe
1241 850 1502 915 spiritum
1537 866 1726 904 meum.

1039 925 1142 983 22.
1187 924 1471 996 Agonista
1514 923 1861 983 fortissimus

1184 1008 1346 1065 Tunc
1390 1026 1496 1082 pro
1542 1026 1604 1067 se
1647 1010 2041 1083 lapidantibus

511 1170 727 1237 positis
764 1174 949 1224 autem
980 1093 1493 1241 yenibusoffljfflvit
1526 1188 1651 1229 voce
1684 1189 1887 1242 may‘na
1924 1173 2133 1227 dicens:

1037 1250 1140 1309 23.
1185 1247 1542 1306 Praenobilis
1588 1264 1689 1305 rex
1736 1249 1972 1322 gloriae,

1181 1333 1290 1405 Qui
1331 1333 1450 1391 illis
1502 1334 1588 1392 vis
1631 1335 1947 1407 ignoscere,

1182 1417 1290 1488 Qui
1333 1424 1392 1476 te
1437 1419 1632 1477 volunt
1679 1433 2045 1495 cognoscere,

524 1492 783 1615 Domgw,
819 1511 888 1574 ‘fle
922 1502 1137 1551 statuas
1171 1496 1283 1550 illis
1320 1498 1420 1551 hoo
1448 1503 1744 1566 pecc-atum.
1806 1496 1882 1550 Et
1919 1514 2039 1552 cum
2072 1499 2172 1551 hoc
2208 1498 2446 1562 dixisset,
2484 1496 2803 1552 obdormivit
2824 1495 2888 1549 in

726 1578 923 1628 ommo,

1039 1641 1142 1700 24.
1189 1638 1291 1698 Cui
1336 1640 1539 1698 laudes
1581 1641 1640 1698 in
1687 1640 1862 1698 iubilo

1186 1723 1402 1783 Nostra
1449 1725 1745 1797 depromat
1794 1725 2003 1786 comio.

669 1873 830 1938 Trop.
875 1887 969 1922 me.
1012 1873 1064 1924 S.
1103 1875 1369 1924 Leonardi
1406 1875 1803 1925 Lemovieensis
1851 1891 1988 1926 saec.
2038 1872 2117 1925 13.
2154 1877 2226 1925 in.
2298 1873 2425 1925 eod.
2461 1874 2693 1923 Parisin.
2738 1868 2885 1924 1086.

521 1943 591 1991 A.
625 1967 695 1976 —
730 1942 890 2007 Trop.
948 1958 1043 1992 ms.
1083 1927 1428 1993 fiartialense
1464 1959 1601 1994 saec.
1635 1941 1762 2005 (11.)
1799 1940 1877 1994 12.
1913 1941 2037 2005 (13.)
2106 1943 2230 1994 Cod.
2267 1943 2495 1992 Par-isin.
2537 1938 2685 1992 1139.
2723 1943 2782 1994 Β.
2821 1969 2878 1978 -’

522 2011 688 2074 Trop.
725 2015 779 2060 et
810 2010 958 2060 Pros.
997 2026 1093 2060 ms.
1128 2011 1562 2062 Claromontense
1599 2027 1734 2062 saec.
1776 2009 1854 2062 15.
1916 2012 2041 2062 Cod.
2068 2012 2454 2063 Claromonten.
2492 2008 2575 2059 57.
2600 2011 2658 2061 O.
2688 2034 2749 2044 -
2780 2007 2827 2071 1,
2853 2007 2886 2058 2

521 2096 593 2129 ex
645 2077 754 2128 alto
790 2079 853 2128 A.
890 2105 957 2114 —-
994 2077 1057 2141 2,
1105 2077 1131 2128 1
1185 2080 1376 2130 ebriati
1422 2083 1480 2131 Β.
1517 2106 1570 2116 -
1621 2079 1682 2139 2,
1730 2078 1764 2130 2
1792 2081 2076 2145 largiretur
2114 2081 2171 2131 C.
2206 2106 2275 2114 —-
2310 2076 2372 2140 3,
2419 2075 2452 2128 2
2487 2079 2688 2143 selegio
2726 2078 2784 2128 C.
2819 2104 2888 2112 —

520 2147 578 2205 5,
614 2143 649 2196 2
688 2146 919 2197 credenti
956 2148 1059 2199 BC.
1097 2172 1167 2182 —
1203 2145 1250 2208 7,
1288 2145 1321 2198 8
1357 2165 1410 2199 u.
1445 2145 1478 2199 9
1513 2148 1688 2198 fehlen
1725 2149 1829 2198 BC.
1870 2176 1926 2184 —-
1976 2147 2037 2199 10
2073 2149 2228 2199 eorde
2262 2147 2394 2198 fehlt
2427 2147 2488 2196 B.
2525 2172 2591 2180 —
2631 2143 2711 2206 12,
2748 2142 2781 2196 3
2813 2147 2888 2197 Ut

521 2217 596 2279 (23
647 2217 914 2265 excaecati
964 2217 1150 2282 populi
1198 2217 1334 2267 ABC
1381 2219 1567 2283 (gegen
1613 2217 1717 2267 den
1752 2214 1935 2281 Reim).
1969 2242 2038 2254 —
2078 2213 2141 2266 13
2185 2216 2451 2266 turbidine
2486 2215 2543 2265 C.
2580 2240 2649 2248 —
2688 2211 2888 2265 17—20

521 2283 653 2333 incl.
695 2284 767 2333 ist
801 2284 861 2332 in
894 2285 938 2333 B
974 2285 1255 2346 unlesbar,
1296 2286 1402 2335 fast
1435 2301 1570 2350 ganz
1607 2284 1944 2349 abgesehabt.
1984 2311 2046 2319 —
2085 2282 2151 2336 20
2186 2285 2318 2335 fehlt
2352 2285 2409 2335 C.
2444 2308 2511 2317 —
2548 2281 2698 2333 Naeh
2733 2278 2816 2345 23,
2859 2279 2884 2332 1

520 2355 587 2401 in
619 2353 669 2402 A
716 2350 809 2402 der
842 2351 1165 2416 Episteltext
1203 2354 1492 2416 „Domine‚
1540 2370 1608 2403 ne
1657 2359 1860 2404 statuas
1903 2353 2012 2403 illis
2061 2353 2161 2404 hoe
2203 2347 2535 2418 peecatum“‚
2581 2349 2775 2400 darauf
2804 2345 2886 2412 23,

517 2418 558 2469 2
605 2434 658 2470 u.
703 2417 753 2471 3.
789 2445 859 2454 —
907 2417 1002 2482 23,
1050 2417 1085 2470 2
1121 2423 1226 2484 Qui
1275 2437 1482 2486 semper
1525 2423 1608 2471 vis
1655 2423 1759 2472 Bc.
1797 2448 1860 2457 -
1898 2418 1991 2477 23.
2044 2418 2077 2472 3
2113 2421 2245 2472 fehlt
2282 2422 2379 2472 Bc.
2414 2445 2481 2454 —-
2517 2415 2608 2481 24,
2659 2415 2685 2468 1
2724 2419 2888 2470 Cuius

517 2488 712 2539 laudes
748 2504 868 2538 cum
905 2489 964 2539 C.
1002 2513 1069 2524 ·-
1096 2490 1200 2541 Str.
1244 2488 1268 2539 1
1306 2491 1503 2557 gebaut
1542 2492 1639 2539 wie
1675 2489 1764 2540 die
1788 2490 2222 2555 Einleitungsstr.
2259 2505 2367 2539 von
2401 2490 2494 2539 Nr.
2530 2483 2635 2537 383
2668 2503 2720 2537 u.
2756 2483 2885 2551 3863

515 2558 627 2676 {er-
655 2557 990 2676 ἷτθῗὲἰὶεέἓιιᾶο
1014 2558 1152 2608 Text
1185 2561 1340 2609 reimt
1375 2558 1656 2624 durehweg
1690 2561 1791 2609 mit
1818 2559 1911 2608 der
1935 2558 2284 2608 Schlusssilbe
2307 2557 2399 2608 des
2422 2555 2888 2621 vorhergehenden

574 2641 658 2691 pis
760 2642 788 2676 e
878 2641 920 2675 s.

1290 2792 1414 2849 411.
1470 2794 1540 2847 ln
1577 2793 1778 2848 sancti
1816 2791 2128 2861 Stephani.

1151 2954 1207 3014 1.
1253 2952 1380 3025 Eia,
1428 2951 1591 3025 plebs
1637 2952 1885 3024 levitica,

1251 3042 1313 3094 ln
1358 3038 1530 3095 laude
1575 3037 1682 3095 Dei
1731 3053 1999 3114 consona,

1247 3122 1524 3194 Stephani
1567 3139 1752 3196 pange
1797 3121 2027 3179 rutilam

1251 3207 1538 3266 Passionis
1586 3208 1907 3273 victoriam,

1251 3293 1357 3363 Qui
1402 3299 1706 3352 coronatus
1752 3292 1946 3365 lapide

1251 3378 1473 3438 Primus
1520 3376 1704 3450 fulget
1746 3378 1807 3435 in
1850 3378 2090 3451 agmine.

526 3462 723 3514 Isset-m
771 3462 995 3510 Artamis:
1035 3458 1419 3526 ttfsfistulflrum.
1492 3456 1566 3509 In
1606 3458 1791 3510 diebus
1826 3457 1941 3510 illis

1155 3538 1211 3590 Ξ.
1259 3533 1350 3590 Ad
1399 3532 1549 3589 dona
1594 3532 1779 3589 sancti
1823 3531 2059 3603 spiritus

1255 3616 1636 3687 Dipertienda
1679 3616 1941 3688 gentibus

1253 3699 1586 3774 ¹septiformi
1631 3718 1739 3772 pro
1783 3717 2015 3759 munere

1255 3787 1568 3859 Elegerunt
1611 3787 1669 3844 in
1715 3786 1919 3845 ordine

1251 3874 1478 3944 Septem
1524 3872 1677 3930 viros
1724 3873 1989 3945 apostoli,

1247 3958 1496 4030 Quorum
1537 3974 1683 4015 unus
1730 3957 2011 4015 mirabilis

510 4038 843 4154 Stephana}
867 4038 1067 4102 piem-nt
1099 4038 1286 4106 firmine>
1320 4042 1369 4090 et
1401 4036 1724 4104 fortitudine
1756 4037 1995 4104 faciebat
2018 4035 2279 4103 prodiyia
2318 4039 2365 4088 et
2402 4034 2565 4102 siqua
2599 4051 2803 4104 may‘na
2825 4037 2890 4098 in

650 4122 819 4170 palpa
843 4118 891 4166 ΕΙ,

1155 4182 1211 4238 3.
1259 4178 1486 4235 Docens
1533 4177 1748 4236 Christi
1795 4178 2079 4249 magnalia

1255 4266 1360 4320 Per
1404 4263 1765 4336 pervisorum
1810 4264 2069 4336 agmina3

1251 4348 1418 4406 Unde
1460 4349 1715 4406 zelantes
1761 4347 1992 4406 nimium

1255 4433 1510 4491 Levitam
1558 4434 2045 4509 dissertissimum,

1255 4518 1331 4578 Ut
1375 4535 1503 4576 eum
1549 4518 1675 4575 neci
1720 4520 2021 4576 traderent

1251 4599 1381 4680 (Et)
1429 4603 1644 4663 Christi
1691 4619 1895 4661 nomen
1941 4603 2357 4675 extinguerent,
