3409 5384
712 500 942 563 -361-

617 719 677 779 755.
705 720 750 775 lie
768 721 869 776 Beata
887 721 987 777 Maria
1005 722 1042 779 V.

598 862 687 920 Pater
708 878 835 920 summae
857 863 984 939 pietatis,

596 948 675 1006 Audi
697 963 799 1019 preces
822 954 889 1006 tuae
910 949 1022 1019 matris,

597 1032 639 1090 Te
661 1032 812 1091 laudantes
834 1033 866 1090 in
887 1034 1010 1092 excelsis

642 1117 721 1177 Caeli
743 1119 828 1192 iunge
851 1118 974 1191 gaudiis.

307 1263 388 1327 Trop.
412 1276 460 1311 mo.
484 1258 707 1325 wingartense(?)
729 1276 798 1312 saeo.
822 1258 861 1312 13.
897 1262 960 1313 Ood.
979 1262 1169 1328 Stuttgmdien.
1188 1264 1246 1313 ΗΒ.
1264 1265 1278 1313 Ι
1295 1263 1355 1314 Aoo.
1374 1261 1417 1315 95.

616 1462 677 1520 766.
704 1464 748 1519 lie
766 1464 867 1519 Beata
885 1464 985 1520 Maria
1004 1465 1040 1522 V.

597 1606 670 1678 Avo,
694 1607 794 1679 regina
817 1607 970 1683 caelorum,

597 1692 702 1764 Mater,
726 1706 821 1765 regern
845 1692 1011 1764 angelorum

641 1776 733 1835 Nobis
754 1777 840 1848 plaoa
862 1783 891 1834 et
912 1777 1054 1853 supplica,

642 1864 682 1924 Ut
705 1862 797 1934 ipsius
819 1863 985 1934 praesentia

643 1946 830 2006 Perfruamur
851 1948 883 2006 in
904 1948 1005 2022 gloria.

311 2089 385 2139 Miss.
404 2104 452 2139 ms.
471 2089 497 2140 S.
517 2090 637 2140 Coronae
656 2105 723 2139 saec.
744 2086 784 2139 13.
815 2090 880 2139 Cod.
899 2091 1012 2155 ngen.
1029 2091 1043 2140 I
1061 2092 1084 2141 B
1103 2086 1143 2141 10.
1161 2089 1220 2139 add.
1239 2105 1306 2141 saec.
1328 2088 1367 2141 14.
1387 2118 1418 2127 -

233 2157 364 2209 Gloieher
381 2157 486 2222 Anfang
503 2159 546 2209 bei
564 2158 616 2208 den
633 2158 875 2224 Alleluia-Tropen.

619 2360 680 2415 757.
707 2359 751 2414 De
769 2359 870 2415 Beata
887 2358 987 2415 Maria
1004 2360 1040 2417 V.

252 2502 282 2563 1.
306 2502 380 2573 Ave,
403 2500 501 2575 regina
524 2502 675 2576 virginum,
868 2502 897 2562 2.
921 2500 1022 2575 Surge,
1045 2500 1145 2559 venire
1166 2516 1300 2575 propera,

349 2587 421 2665 Ave,
446 2587 527 2657 virgo
550 2585 724 2661 christifera,
964 2586 1059 2645 Labes
1081 2585 1215 2660 absterge
1238 2587 1396 2664 criminum,

308 2670 455 2731 Generaus
477 2688 513 2729 ex
535 2679 564 2729 te
586 2671 749 2748 Dominum,
919 2672 960 2731 Et
983 2672 1077 2746 dignis
1099 2678 1220 2744 propter
1241 2673 1353 2731 scelera

349 2756 416 2816 Sola
438 2758 518 2831 virgo
541 2772 694 2830 puerpera,
964 2758 1066 2816 Poenis
1086 2759 1201 2830 impone
1222 2758 1385 2819 terminum.

310 2900 387 2950 Miss.
405 2899 583 2950 Ambianensa
601 2900 665 2965 imp.
682 2900 794 2949 Parisiis
815 2896 890 2951 1487.

621 3102 682 3158 758.
710 3103 755 3157 lio
773 3102 873 3158 Beata
890 3102 990 3157 Maria
1007 3102 1044 3159 V.

549 3245 577 3304 1.
600 3244 701 3303 Dulcis
723 3250 824 3318 mater,
848 3242 935 3301 maris
955 3243 1048 3320 stella,

236 3368 297 3427 2a.
330 3363 437 3422 Contra
457 3360 637 3436 naufragium
859 3361 915 3424 2b.
942 3364 976 3420 In
999 3366 1048 3420 tuo
1070 3362 1178 3435 gremio

327 3449 368 3508 Et
383 3448 587 3509 exterminium
944 3449 1099 3507 Praesente
1121 3446 1181 3505 filio

372 3534 508 3593 Nostrum
530 3534 676 3607 accelera3
987 3535 1089 3592 Pectus
1112 3539 1142 3591 et
1163 3533 1263 3604 ubera,

576 3659 629 3716 20.
653 3655 693 3713 Et
715 3654 793 3727 patri
814 3651 891 3712 filius

652 3742 820 3800 Praesentet
842 3738 976 3811 praevius

695 3826 785 3913 Latus
807 3831 834 3882 et
858 3825 985 3900 vulnera,

550 3948 578 4006 3.
602 3946 647 4005 Ne
669 3961 831 4019 mergamur
853 3943 906 4002 sub
929 3943 1067 4016 procella.

311 4092 389 4141 Miss.
409 4088 586 4139 Lundunenso
604 4090 667 4153 imp.
685 4088 797 4137 Parisiis
817 4083 892 4137 1491.

622 4289 682 4345 779.
710 4289 755 4344 lio
772 4288 873 4343 Beata
892 4287 991 4342 Maria
1009 4287 1045 4342 V.

237 4440 298 4500 la.
329 4432 416 4507 Quid,
439 4438 558 4491 naturae
579 4431 718 4503 parvitas,
864 4428 916 4489 lb.
944 4429 1008 4487 Hoc
1030 4427 1124 4486 effecit
1147 4427 1249 4502 deitas,

329 4519 446 4592 Stup'es,
470 4517 546 4589 quod
569 4516 722 4597 virginitps
947 4514 1034 4574 Cuius
1058 4520 1100 4571 est
1123 4513 1285 4571 humanitas

374 4603 429 4662 Est
450 4602 481 4659 in
501 4601 614 4663 matre?
990 4598 1058 4658 Sine
1079 4604 1172 4671 patre.
