3409 5384
804 476 1036 540 -170-

562 647 591 711 8.
624 647 748 723 Magnus
770 649 817 708 hio
840 651 895 708 orit

625 735 715 812 lesus,
738 733 814 794 filius
837 735 908 809 Dei;

676 814 793 883 ettiline

562 896 590 956 9.
626 893 721 954 Petris
743 897 846 955 summi

676 974 758 1028 dutne
776 981 815 1029 eet
832 977 913 1030 nobie

541 1056 592 1116 10.
627 1054 674 1113 Ab
695 1073 762 1115 eree
784 1075 910 1130 summe,

676 1141 701 1189 et
717 1140 810 1205 faetna
828 1143 868 1192 eet
881 1138 1059 1219 peinoe'pbtns

677 1219 760 1273 anper
776 1221 901 1260 nmernrn
918 1221 986 1272 eine,

541 1286 593 1350 11.
628 1287 671 1347 Ut
693 1288 787 1346 caelos
810 1295 892 1362 regat
913 1294 1000 1363 atque
1021 1305 1095 1349 arvo

626 1369 746 1432 Necnon
768 1372 915 1433 refraenet
935 1376 1043 1451 meria,

676 1457 701 1506 et
717 1453 860 1508 eoeabitnr
876 1469 973 1510 nornen
990 1456 1049 1509 eine

541 1531 592 1593 12.
627 1531 760 1609 Messias,
785 1537 898 1615 sother,
923 1537 1073 1612 Emauuel,
1097 1535 1233 1612 Sabaoth,
1256 1534 1380 1613 Adonai,

675 1613 866 1683 Admirabilte,

542 1693 590 1755 18.
626 1695 721 1756 Radix
743 1698 849 1774 David,

679 1774 866 1832 Consilierine
907 1796 913 1808 ·

542 1856 593 1917 14.
629 1856 685 1916 Dei
706 1861 807 1936 patris,
831 1862 881 1935 qui
903 1862 1012 1921 creavit
1033 1861 1137 1933 omnis,

678 1938 757 1992 Dens
774 1942 864 2008 tortia,

543 2010 594 2070 15.
628 2012 753 2071 Pulchre
774 2017 944 2074 daemonum
967 2021 1062 2074 cestra

627 2097 776 2158 Pen‘meus
798 2102 975 2176 taeterrima,

677 2176 763 2232 Pater
781 2181 872 2248 fntnri
891 2180 1000 2260 suetidi,

542 2249 592 2311 16.
624 2249 688 2309 Rex
710 2254 890 2326 omnipotens

627 2335 667 2393 Et
690 2346 792 2398 cuncta
814 2356 925 2416 regens,

678 2415 811 2488 Princeps
825 2421 908 2489 pacis

546 2489 596 2550 17.
629 2489 686 2548 Per
707 2496 802 2552 saeela
824 2494 1015 2568 sempiterna3

678 2573 909 2642 multiplicabitur
926 2574 984 2628 eine
1001 2573 1143 2640 imperinm

547 2639 598 2702 18.
631 2643 666 2701 In
688 2645 856 2723 Ierusalem,
879 2646 995 2715 Iudaea,

633 2728 700 2787 Sive
717 2732 857 2804 Samaria,

679 2818 703 2868 et
717 2814 798 2881 pecie
815 2829 873 2868 non
890 2813 941 2867 erit
957 2813 1024 2881 finis

544 2880 596 2943 19.
631 2882 688 2940 Hie
710 2895 739 2944 et
759 2887 790 2946 iu
811 2903 930 2962 aevum3

682 2982 764 3034 anper
782 2966 880 3020 solinm
896 2966 992 3020 David
1202 3017 1205 3022 .

679 3040 702 3089 et
721 3051 804 3103 anper
821 3051 933 3105 reanum
950 3035 1008 3090 eine
1026 3033 1131 3098 sedebit,

544 3105 595 3166 20.
626 3105 666 3163 Et
687 3110 769 3182 regui
790 3117 867 3168 mete

629 3190 679 3251 Sui
700 3210 757 3252 nou
780 3195 836 3252 erit
858 3195 966 3268 aliqua,

680 3279 712 3328 nt
729 3274 868 3343 confirmet
885 3273 955 3327 nint
971 3278 996 3327 et
1013 3275 1166 3328 corroboret

544 3346 594 3405 21.
617 3344 651 3405 Iu
673 3347 742 3406 fidei
764 3349 892 3426 pignore,

682 3429 714 3481 in
733 3427 837 3482 indicio
855 3435 879 3483 et
896 3428 1014 3495 institia,

544 3503 595 3561 22.
620 3503 710 3560 Iudex
734 3517 798 3559 oum
821 3503 932 3562 venerit
953 3502 1084 3561 iudicare
1106 3502 1259 3562 saeculum.

684 3580 789 3634 Anneio

545 3657 595 3716 23.
631 3655 680 3715 Illi
704 3654 825 3713 debetur
845 3654 947 3731 gloria,

629 3740 706 3799 Laus
729 3746 758 3797 et
779 3739 912 3798 iubilatio

341 3900 381 3959 24
389 3914 415 3955 a.
446 3897 574 3973 Semper,
598 3910 615 3952 o
636 3825 703 3967 pise?
720 3835 812 3887 mm
959 3897 999 3954 24
1009 3894 1038 3955 b.
1070 3895 1203 3973 Nostrae,
1227 3895 1257 3952 iu
1280 3895 1376 3968 laude,

447 3982 588 4041 Suoourre
611 3985 743 4064 catervae
1064 3981 1136 4051 Rex,
1162 3981 1204 4039 tui
1227 3981 1402 4057 coniunctae,

343 4103 417 4161 nse.
441 4101 494 4172 Qui
516 4099 627 4174 virgine
695 4085 696 4090 ἵ
955 4099 1034 4160 251).
1065 4099 1268 4173 complexibus

447 4187 480 4244 la
504 4192 633 4258 ternpore
654 4189 746 4241 matre
1062 4185 1155 4246 Natus
1178 4187 1265 4244 maris
1287 4185 1395 4259 absque

341 4310 417 4368 26a.
447 4307 552 4366 Mortis
576 4304 683 4364 dedisti
954 4305 1032 4368 265.
1064 4305 1272 4364 (laelioolarum

447 4392 545 4454 Pretio
567 4397 634 4449 tuae
657 4405 709 4448 noe
731 4405 815 4461 posse
1059 4393 1159 4453 Inesse
1182 4391 1282 4466 dignos
1305 4391 1420 4467 gloriae,

751 4509 802 4567 27.
836 4510 959 4580 Quorum
982 4525 1051 4569 vere
1073 4525 1112 4589 es,

834 4588 866 4640 in
884 4589 1080 4655 senpiternam.
