<?xml version="1.0" encoding="UTF-8"?>
<!DOCTYPE html PUBLIC "-//W3C//DTD XHTML 1.0 Transitional//EN"
    "http://www.w3.org/TR/xhtml1/DTD/xhtml1-transitional.dtd">
<html xmlns="http://www.w3.org/1999/xhtml" xml:lang="en" lang="en">
 <head>
  <title>
</title>
<meta http-equiv="Content-Type" content="text/html;charset=utf-8" />
  <meta name='ocr-system' content='tesseract 3.04.00' />
  <meta name='ocr-capabilities' content='ocr_page ocr_carea ocr_par ocr_line ocrx_word'/>
</head>
<body>
  <div class='ocr_page' id='page_1' title='image "./tropigradualest00blumgoog_0211.png"; bbox 0 0 3409 5384; ppageno 0'>
   <div class='ocr_carea' id='block_1_1' title="bbox 726 524 959 585">
    <p class='ocr_par' dir='ltr' id='par_1_1' title="bbox 726 524 959 585">
     <span class='ocr_line' id='line_1_1' title="bbox 726 524 959 585; baseline 0.004 -1"><span class='ocrx_word' id='word_1_1' title='bbox 726 524 959 585; x_wconf 75' lang='lat'>-205-</span> 
     </span>
    </p>
   </div>
   <div class='ocr_carea' id='block_1_2' title="bbox 237 688 1435 1510">
    <p class='ocr_par' dir='ltr' id='par_1_2' title="bbox 322 688 1432 744">
     <span class='ocr_line' id='line_1_2' title="bbox 322 688 1432 744; baseline -0.001 -2"><span class='ocrx_word' id='word_1_2' title='bbox 322 693 444 743; x_wconf 81' lang='lat' dir='ltr'><strong>Pession.</strong></span> <span class='ocrx_word' id='word_1_3' title='bbox 469 709 517 742; x_wconf 81' lang='lat' dir='ltr'><strong>me.</strong></span> <span class='ocrx_word' id='word_1_4' title='bbox 535 693 680 742; x_wconf 83' lang='lat' dir='ltr'><strong>Altahense</strong></span> <span class='ocrx_word' id='word_1_5' title='bbox 705 709 773 743; x_wconf 82' lang='lat' dir='ltr'><strong>saec.</strong></span> <span class='ocrx_word' id='word_1_6' title='bbox 800 690 839 744; x_wconf 84' lang='lat'><strong>12.</strong></span> <span class='ocrx_word' id='word_1_7' title='bbox 875 694 940 744; x_wconf 84' lang='lat' dir='ltr'><strong>Clm.</strong></span> <span class='ocrx_word' id='word_1_8' title='bbox 959 695 1096 743; x_wconf 85' lang='lat' dir='ltr'><strong>Monacen.</strong></span> <span class='ocrx_word' id='word_1_9' title='bbox 1115 689 1190 743; x_wconf 82' lang='lat'>9506.</span> <span class='ocrx_word' id='word_1_10' title='bbox 1214 693 1273 742; x_wconf 85' lang='lat' dir='ltr'><strong>add.</strong></span> <span class='ocrx_word' id='word_1_11' title='bbox 1297 708 1366 742; x_wconf 81' lang='lat' dir='ltr'><strong>saec.</strong></span> <span class='ocrx_word' id='word_1_12' title='bbox 1392 688 1432 741; x_wconf 86' lang='lat'><strong>13.</strong></span> 
     </span>
    </p>

    <p class='ocr_par' dir='ltr' id='par_1_3' title="bbox 237 757 1435 1223">
     <span class='ocr_line' id='line_1_3' title="bbox 241 757 1431 828; baseline -0.001 -17"><span class='ocrx_word' id='word_1_13' title='bbox 241 760 283 812; x_wconf 88' lang='lat' dir='ltr'><strong>A.</strong></span> <span class='ocrx_word' id='word_1_14' title='bbox 310 789 346 798; x_wconf 97' lang='lat'>—</span> <span class='ocrx_word' id='word_1_15' title='bbox 370 761 449 812; x_wconf 81' lang='lat' dir='ltr'><strong>(irad.</strong></span> <span class='ocrx_word' id='word_1_16' title='bbox 474 766 499 811; x_wconf 88' lang='lat' dir='ltr'><strong>et</strong></span> <span class='ocrx_word' id='word_1_17' title='bbox 523 761 602 826; x_wconf 84' lang='lat' dir='ltr'><strong>Trop.</strong></span> <span class='ocrx_word' id='word_1_18' title='bbox 627 778 675 812; x_wconf 85' lang='lat' dir='ltr'><strong>ms.</strong></span> <span class='ocrx_word' id='word_1_19' title='bbox 698 763 888 828; x_wconf 83' lang='lat' dir='ltr'><strong>Moeburgense</strong></span> <span class='ocrx_word' id='word_1_20' title='bbox 910 763 974 811; x_wconf 85' lang='lat' dir='ltr'><strong>anni</strong></span> <span class='ocrx_word' id='word_1_21' title='bbox 998 757 1073 812; x_wconf 82' lang='lat'><strong>1360.</strong></span> <span class='ocrx_word' id='word_1_22' title='bbox 1108 761 1171 812; x_wconf 82' lang='lat' dir='ltr'><strong>cod.</strong></span> <span class='ocrx_word' id='word_1_23' title='bbox 1192 762 1275 812; x_wconf 88' lang='lat' dir='ltr'><strong>Univ.</strong></span> <span class='ocrx_word' id='word_1_24' title='bbox 1292 761 1431 810; x_wconf 77' lang='lat' dir='ltr'><strong>Monacen.</strong></span> 
     </span>
     <span class='ocr_line' id='line_1_4' title="bbox 242 826 1433 891; baseline -0.002 -11"><span class='ocrx_word' id='word_1_25' title='bbox 242 826 363 880; x_wconf 78' lang='lat' dir='ltr'><strong>156r01.</strong></span> <span class='ocrx_word' id='word_1_26' title='bbox 381 831 412 880; x_wconf 93' lang='lat' dir='ltr'><strong>B.</strong></span> <span class='ocrx_word' id='word_1_27' title='bbox 429 858 465 867; x_wconf 97' lang='lat'>—</span> <span class='ocrx_word' id='word_1_28' title='bbox 483 827 507 889; x_wconf 83' lang='lat'><strong>2,</strong></span> <span class='ocrx_word' id='word_1_29' title='bbox 526 827 550 880; x_wconf 86' lang='lat'><strong>6.</strong></span> <span class='ocrx_word' id='word_1_30' title='bbox 585 831 704 880; x_wconf 86' lang='lat' dir='ltr'><strong>mirabili</strong></span> <span class='ocrx_word' id='word_1_31' title='bbox 722 831 751 879; x_wconf 90' lang='lat' dir='ltr'><strong>B.</strong></span> <span class='ocrx_word' id='word_1_32' title='bbox 771 856 805 864; x_wconf 86' lang='lat'>-</span> <span class='ocrx_word' id='word_1_33' title='bbox 823 827 847 891; x_wconf 87' lang='lat'><strong>3,</strong></span> <span class='ocrx_word' id='word_1_34' title='bbox 867 827 884 879; x_wconf 83' lang='lat'>2</span> <span class='ocrx_word' id='word_1_35' title='bbox 901 831 953 879; x_wconf 86' lang='lat' dir='ltr'><strong>Per</strong></span> <span class='ocrx_word' id='word_1_36' title='bbox 969 831 1088 878; x_wconf 82' lang='lat' dir='ltr'><strong>virorum</strong></span> <span class='ocrx_word' id='word_1_37' title='bbox 1102 831 1134 889; x_wconf 77' lang='lat' dir='ltr'><strong>A,</strong></span> <span class='ocrx_word' id='word_1_38' title='bbox 1152 830 1203 880; x_wconf 89' lang='lat' dir='ltr'><strong>Per</strong></span> <span class='ocrx_word' id='word_1_39' title='bbox 1219 830 1372 879; x_wconf 83' lang='lat' dir='ltr'><strong>vicorumB</strong></span> <span class='ocrx_word' id='word_1_40' title='bbox 1390 826 1433 890; x_wconf 81' lang='lat' dir='ltr'><strong>(zu</strong></span> 
     </span>
     <span class='ocr_line' id='line_1_5' title="bbox 241 894 1433 964; baseline -0.003 -16"><span class='ocrx_word' id='word_1_41' title='bbox 241 894 409 964; x_wconf 85' lang='lat' dir='ltr'><strong>„pervieus“</strong></span> <span class='ocrx_word' id='word_1_42' title='bbox 421 920 455 938; x_wconf 93' lang='lat'>=</span> <span class='ocrx_word' id='word_1_43' title='bbox 466 900 590 964; x_wconf 82' lang='lat' dir='ltr'><strong>pervicax</strong></span> <span class='ocrx_word' id='word_1_44' title='bbox 609 900 653 947; x_wconf 85' lang='lat' dir='ltr'><strong>cfr.</strong></span> <span class='ocrx_word' id='word_1_45' title='bbox 668 896 827 963; x_wconf 84' lang='lat' dir='ltr'><strong>Foreellini).</strong></span> <span class='ocrx_word' id='word_1_46' title='bbox 841 925 871 932; x_wconf 90' lang='lat'><em>-</em></span> <span class='ocrx_word' id='word_1_47' title='bbox 885 894 910 959; x_wconf 83' lang='lat'><strong>3,</strong></span> <span class='ocrx_word' id='word_1_48' title='bbox 927 897 943 948; x_wconf 90' lang='lat'><strong>5</strong></span> <span class='ocrx_word' id='word_1_49' title='bbox 956 914 1015 948; x_wconf 90' lang='lat' dir='ltr'><strong>eum</strong></span> <span class='ocrx_word' id='word_1_50' title='bbox 1026 900 1105 947; x_wconf 87' lang='lat' dir='ltr'><strong>morti</strong></span> <span class='ocrx_word' id='word_1_51' title='bbox 1117 900 1147 948; x_wconf 92' lang='lat' dir='ltr'><strong>B.</strong></span> <span class='ocrx_word' id='word_1_52' title='bbox 1160 927 1192 936; x_wconf 90' lang='lat'><em>-</em></span> <span class='ocrx_word' id='word_1_53' title='bbox 1204 896 1229 959; x_wconf 86' lang='lat'><strong>4,</strong></span> <span class='ocrx_word' id='word_1_54' title='bbox 1248 895 1264 948; x_wconf 87' lang='lat'>5</span> <span class='ocrx_word' id='word_1_55' title='bbox 1278 914 1303 947; x_wconf 92' lang='lat' dir='ltr'><strong>u.</strong></span> <span class='ocrx_word' id='word_1_56' title='bbox 1317 894 1334 946; x_wconf 86' lang='grc'>6</span> <span class='ocrx_word' id='word_1_57' title='bbox 1344 897 1433 947; x_wconf 89' lang='lat' dir='ltr'><strong>fehlen</strong></span> 
     </span>
     <span class='ocr_line' id='line_1_6' title="bbox 241 963 1434 1033; baseline -0.003 -16"><span class='ocrx_word' id='word_1_58' title='bbox 241 967 281 1017; x_wconf 79' lang='lat' dir='ltr'><strong>A.</strong></span> <span class='ocrx_word' id='word_1_59' title='bbox 306 993 339 1002; x_wconf 93' lang='lat'>-</span> <span class='ocrx_word' id='word_1_60' title='bbox 359 966 431 1018; x_wconf 87' lang='lat' dir='ltr'><strong>Statt</strong></span> <span class='ocrx_word' id='word_1_61' title='bbox 451 966 503 1016; x_wconf 83' lang='lat' dir='ltr'><strong>Str.</strong></span> <span class='ocrx_word' id='word_1_62' title='bbox 521 963 537 1014; x_wconf 88' lang='grc'><strong>6</strong></span> <span class='ocrx_word' id='word_1_63' title='bbox 555 967 624 1016; x_wconf 83' lang='lat' dir='ltr'><strong>steht</strong></span> <span class='ocrx_word' id='word_1_64' title='bbox 643 967 700 1015; x_wconf 87' lang='lat' dir='ltr'><strong>hier·</strong></span> <span class='ocrx_word' id='word_1_65' title='bbox 718 969 747 1016; x_wconf 90' lang='lat' dir='ltr'><strong>in</strong></span> <span class='ocrx_word' id='word_1_66' title='bbox 765 968 801 1016; x_wconf 83' lang='lat' dir='ltr'><strong>A:</strong></span> <span class='ocrx_word' id='word_1_67' title='bbox 825 969 983 1032; x_wconf 80' lang='lat' dir='ltr'><strong>„Cupientes</strong></span> <span class='ocrx_word' id='word_1_68' title='bbox 1001 982 1060 1016; x_wconf 89' lang='lat' dir='ltr'><strong>eum</strong></span> <span class='ocrx_word' id='word_1_69' title='bbox 1079 967 1205 1029; x_wconf 81' lang='lat' dir='ltr'><strong>occidere,</strong></span> <span class='ocrx_word' id='word_1_70' title='bbox 1224 968 1271 1033; x_wconf 92' lang='lat' dir='ltr'><strong>qui</strong></span> <span class='ocrx_word' id='word_1_71' title='bbox 1289 966 1344 1015; x_wconf 85' lang='lat' dir='ltr'><strong>illia</strong></span> <span class='ocrx_word' id='word_1_72' title='bbox 1362 967 1434 1015; x_wconf 85' lang='lat' dir='ltr'><strong>viam</strong></span> 
     </span>
     <span class='ocr_line' id='line_1_7' title="bbox 244 1029 1435 1093; baseline -0.001 -9"><span class='ocrx_word' id='word_1_73' title='bbox 244 1036 368 1085; x_wconf 86' lang='lat' dir='ltr'><strong>Domini</strong></span> <span class='ocrx_word' id='word_1_74' title='bbox 390 1035 490 1085; x_wconf 78' lang='lat' dir='ltr'><strong>studuit</strong></span> <span class='ocrx_word' id='word_1_75' title='bbox 513 1034 625 1084; x_wconf 89' lang='lat' dir='ltr'><strong>fideliter</strong></span> <span class='ocrx_word' id='word_1_76' title='bbox 647 1032 813 1090; x_wconf 83' lang='lat' dir='ltr'><strong>ostendere“;</strong></span> <span class='ocrx_word' id='word_1_77' title='bbox 839 1037 891 1087; x_wconf 89' lang='lat' dir='ltr'><strong>Str.</strong></span> <span class='ocrx_word' id='word_1_78' title='bbox 910 1032 926 1084; x_wconf 86' lang='lat'>6</span> <span class='ocrx_word' id='word_1_79' title='bbox 949 1034 1019 1085; x_wconf 85' lang='lat' dir='ltr'><strong>eteht</strong></span> <span class='ocrx_word' id='word_1_80' title='bbox 1043 1038 1071 1083; x_wconf 91' lang='lat' dir='ltr'><strong>in</strong></span> <span class='ocrx_word' id='word_1_81' title='bbox 1087 1036 1111 1084; x_wconf 87' lang='lat' dir='ltr'>A</span> <span class='ocrx_word' id='word_1_82' title='bbox 1129 1040 1193 1085; x_wconf 87' lang='lat' dir='ltr'><strong>atatt</strong></span> <span class='ocrx_word' id='word_1_83' title='bbox 1211 1036 1262 1086; x_wconf 91' lang='lat' dir='ltr'><strong>Str.</strong></span> <span class='ocrx_word' id='word_1_84' title='bbox 1280 1031 1305 1084; x_wconf 88' lang='lat'><strong>8.</strong></span> <span class='ocrx_word' id='word_1_85' title='bbox 1322 1061 1356 1069; x_wconf 96' lang='lat'>—</span> <span class='ocrx_word' id='word_1_86' title='bbox 1373 1031 1397 1093; x_wconf 89' lang='grc'><strong>6,</strong></span> <span class='ocrx_word' id='word_1_87' title='bbox 1417 1029 1435 1083; x_wconf 85' lang='grc'><strong>3</strong></span> 
     </span>
     <span class='ocr_line' id='line_1_8' title="bbox 237 1100 1435 1221; baseline -0.002 -68"><span class='ocrx_word' id='word_1_88' title='bbox 237 1104 337 1221; x_wconf 50' lang='lat' dir='ltr'><strong>gelat</strong></span> <span class='ocrx_word' id='word_1_89' title='bbox 358 1103 425 1154; x_wconf 88' lang='lat' dir='ltr'><strong>Cain</strong></span> <span class='ocrx_word' id='word_1_90' title='bbox 442 1105 481 1165; x_wconf 89' lang='lat' dir='ltr'><strong>B;</strong></span> <span class='ocrx_word' id='word_1_91' title='bbox 500 1103 533 1152; x_wconf 89' lang='lat' dir='ltr'><strong>ad</strong></span> <span class='ocrx_word' id='word_1_92' title='bbox 551 1104 650 1169; x_wconf 86' lang='lat' dir='ltr'><strong>placita</strong></span> <span class='ocrx_word' id='word_1_93' title='bbox 670 1107 775 1153; x_wconf 71' lang='grc'>111-</span> <span class='ocrx_word' id='word_1_94' title='bbox 794 1100 824 1166; x_wconf 88' lang='lat'><strong>6,</strong></span> <span class='ocrx_word' id='word_1_95' title='bbox 843 1102 860 1154; x_wconf 87' lang='lat'>5</span> <span class='ocrx_word' id='word_1_96' title='bbox 878 1104 985 1154; x_wconf 89' lang='lat' dir='ltr'><strong>deebria</strong></span> <span class='ocrx_word' id='word_1_97' title='bbox 1005 1104 1061 1152; x_wconf 87' lang='lat' dir='ltr'><strong>AB.</strong></span> <span class='ocrx_word' id='word_1_98' title='bbox 1081 1130 1113 1138; x_wconf 90' lang='lat'>—</span> <span class='ocrx_word' id='word_1_99' title='bbox 1133 1105 1184 1154; x_wconf 90' lang='lat' dir='ltr'><strong>Str.</strong></span> <span class='ocrx_word' id='word_1_100' title='bbox 1203 1101 1218 1153; x_wconf 83' lang='grc'><strong>7</strong></span> <span class='ocrx_word' id='word_1_101' title='bbox 1236 1103 1302 1153; x_wconf 81' lang='lat' dir='ltr'><strong>fehlt</strong></span> <span class='ocrx_word' id='word_1_102' title='bbox 1318 1103 1350 1164; x_wconf 87' lang='lat' dir='ltr'><strong>A,</strong></span> <span class='ocrx_word' id='word_1_103' title='bbox 1369 1106 1435 1152; x_wconf 86' lang='lat' dir='ltr'><strong>etatt</strong></span> 
     </span>
     <span class='ocr_line' id='line_1_9' title="bbox 260 1188 362 1223; baseline -0.02 0"><span class='ocrx_word' id='word_1_104' title='bbox 260 1188 362 1223; x_wconf 78' lang='lat' dir='ltr'><strong>essen:</strong></span> 
     </span>
    </p>

    <p class='ocr_par' dir='ltr' id='par_1_4' title="bbox 615 1240 1062 1305">
     <span class='ocr_line' id='line_1_10' title="bbox 615 1240 1062 1305; baseline 0 -17"><span class='ocrx_word' id='word_1_105' title='bbox 615 1241 697 1300; x_wconf 80' lang='lat' dir='ltr'><strong>Quem</strong></span> <span class='ocrx_word' id='word_1_106' title='bbox 715 1255 763 1289; x_wconf 85' lang='lat' dir='ltr'><strong>vos</strong></span> <span class='ocrx_word' id='word_1_107' title='bbox 782 1240 918 1289; x_wconf 84' lang='lat' dir='ltr'><strong>Christum</strong></span> <span class='ocrx_word' id='word_1_108' title='bbox 935 1245 1062 1305; x_wconf 79' lang='lat' dir='ltr'>negantes</span> 
     </span>
    </p>

    <p class='ocr_par' dir='ltr' id='par_1_5' title="bbox 615 1308 905 1374">
     <span class='ocr_line' id='line_1_11' title="bbox 615 1308 905 1374; baseline 0.007 -18"><span class='ocrx_word' id='word_1_109' title='bbox 615 1308 652 1356; x_wconf 87' lang='lat' dir='ltr'><strong>Et</strong></span> <span class='ocrx_word' id='word_1_110' title='bbox 669 1310 741 1356; x_wconf 82' lang='lat' dir='ltr'><strong>cruci</strong></span> <span class='ocrx_word' id='word_1_111' title='bbox 760 1308 905 1374; x_wconf 75' lang='lat' dir='ltr'><strong>affigentes,</strong></span> 
     </span>
    </p>

    <p class='ocr_par' dir='ltr' id='par_1_6' title="bbox 613 1376 991 1439">
     <span class='ocr_line' id='line_1_12' title="bbox 613 1376 991 1439; baseline 0 -13"><span class='ocrx_word' id='word_1_112' title='bbox 613 1378 691 1426; x_wconf 79' lang='lat' dir='ltr'><strong>Aetat</strong></span> <span class='ocrx_word' id='word_1_113' title='bbox 710 1376 773 1426; x_wconf 89' lang='lat' dir='ltr'><strong>mihi</strong></span> <span class='ocrx_word' id='word_1_114' title='bbox 793 1379 821 1426; x_wconf 90' lang='lat' dir='ltr'><strong>in</strong></span> <span class='ocrx_word' id='word_1_115' title='bbox 839 1380 991 1439; x_wconf 76' lang='lat' dir='ltr'><strong>certamine,</strong></span> 
     </span>
    </p>

    <p class='ocr_par' dir='ltr' id='par_1_7' title="bbox 614 1445 984 1510">
     <span class='ocr_line' id='line_1_13' title="bbox 614 1445 984 1510; baseline -0.011 -14"><span class='ocrx_word' id='word_1_116' title='bbox 614 1446 644 1496; x_wconf 90' lang='lat' dir='ltr'><strong>Si</strong></span> <span class='ocrx_word' id='word_1_117' title='bbox 663 1445 753 1505; x_wconf 79' lang='lat' dir='ltr'><strong>vultis,</strong></span> <span class='ocrx_word' id='word_1_118' title='bbox 771 1447 859 1510; x_wconf 87' lang='lat' dir='ltr'><strong>ipsum</strong></span> <span class='ocrx_word' id='word_1_119' title='bbox 876 1447 984 1495; x_wconf 83' lang='lat' dir='ltr'><strong>cernite.</strong></span> 
     </span>
    </p>
   </div>
   <div class='ocr_carea' id='block_1_3' title="bbox 235 1542 1433 1682">
    <p class='ocr_par' dir='ltr' id='par_1_8' title="bbox 235 1542 1433 1682">
     <span class='ocr_line' id='line_1_14' title="bbox 236 1542 1433 1610; baseline -0.001 -12"><span class='ocrx_word' id='word_1_120' title='bbox 236 1545 266 1609; x_wconf 86' lang='grc'>’1,</span> <span class='ocrx_word' id='word_1_121' title='bbox 290 1543 380 1608; x_wconf 80' lang='lat' dir='ltr'><strong>3Qui</strong></span> <span class='ocrx_word' id='word_1_122' title='bbox 397 1547 463 1597; x_wconf 86' lang='lat' dir='ltr'><strong>fehlt</strong></span> <span class='ocrx_word' id='word_1_123' title='bbox 477 1548 513 1608; x_wconf 78' lang='lat' dir='ltr'><strong>B3</strong></span> <span class='ocrx_word' id='word_1_124' title='bbox 532 1547 577 1596; x_wconf 85' lang='lat' dir='ltr'><strong>cfr.</strong></span> <span class='ocrx_word' id='word_1_125' title='bbox 595 1542 619 1605; x_wconf 87' lang='lat'><strong>8,</strong></span> <span class='ocrx_word' id='word_1_126' title='bbox 638 1542 663 1596; x_wconf 84' lang='lat'><strong>3.</strong></span> <span class='ocrx_word' id='word_1_127' title='bbox 681 1574 715 1580; x_wconf 89' lang='lat'><em>-</em></span> <span class='ocrx_word' id='word_1_128' title='bbox 728 1548 799 1598; x_wconf 88' lang='lat' dir='ltr'><strong>Statt</strong></span> <span class='ocrx_word' id='word_1_129' title='bbox 810 1546 862 1597; x_wconf 90' lang='lat' dir='ltr'><strong>Str.</strong></span> <span class='ocrx_word' id='word_1_130' title='bbox 881 1543 944 1596; x_wconf 87' lang='lat' dir='ltr'><strong>Sin</strong></span> <span class='ocrx_word' id='word_1_131' title='bbox 962 1547 984 1595; x_wconf 87' lang='lat' dir='ltr'>A</span> <span class='ocrx_word' id='word_1_132' title='bbox 1001 1546 1060 1597; x_wconf 90' lang='lat' dir='ltr'><strong>hier</strong></span> <span class='ocrx_word' id='word_1_133' title='bbox 1072 1547 1123 1598; x_wconf 88' lang='lat' dir='ltr'><strong>Str.</strong></span> <span class='ocrx_word' id='word_1_134' title='bbox 1142 1543 1166 1598; x_wconf 89' lang='grc'><strong>6.</strong></span> <span class='ocrx_word' id='word_1_135' title='bbox 1185 1575 1218 1583; x_wconf 91' lang='grc'>-</span> <span class='ocrx_word' id='word_1_136' title='bbox 1236 1543 1260 1606; x_wconf 89' lang='grc'><strong>9,</strong></span> <span class='ocrx_word' id='word_1_137' title='bbox 1278 1542 1433 1610; x_wconf 78' lang='lat' dir='ltr'><strong>Spraedam</strong></span> 
     </span>
     <span class='ocr_line' id='line_1_15' title="bbox 235 1613 933 1682; baseline -0.009 -14"><span class='ocrx_word' id='word_1_138' title='bbox 235 1617 362 1682; x_wconf 81' lang='lat' dir='ltr'><strong>rapiens</strong></span> <span class='ocrx_word' id='word_1_139' title='bbox 381 1615 412 1665; x_wconf 86' lang='grc' dir='ltr'><strong>Α.</strong></span> <span class='ocrx_word' id='word_1_140' title='bbox 430 1642 465 1649; x_wconf 87' lang='grc'>-</span> <span class='ocrx_word' id='word_1_141' title='bbox 483 1615 535 1665; x_wconf 85' lang='lat' dir='ltr'><strong>Str.</strong></span> <span class='ocrx_word' id='word_1_142' title='bbox 556 1613 587 1665; x_wconf 90' lang='lat'><strong>10</strong></span> <span class='ocrx_word' id='word_1_143' title='bbox 603 1615 669 1664; x_wconf 84' lang='lat' dir='ltr'><strong>fehlt</strong></span> <span class='ocrx_word' id='word_1_144' title='bbox 687 1617 725 1678; x_wconf 88' lang='lat' dir='ltr'><strong>A;</strong></span> <span class='ocrx_word' id='word_1_145' title='bbox 744 1621 809 1665; x_wconf 88' lang='lat' dir='ltr'><strong>statt</strong></span> <span class='ocrx_word' id='word_1_146' title='bbox 826 1616 933 1666; x_wconf 85' lang='lat' dir='ltr'><strong>deasen:</strong></span> 
     </span>
    </p>
   </div>
   <div class='ocr_carea' id='block_1_4' title="bbox 613 1718 1104 1851">
    <p class='ocr_par' dir='ltr' id='par_1_9' title="bbox 613 1718 1104 1851">
     <span class='ocr_line' id='line_1_16' title="bbox 614 1718 1104 1778; baseline 0.002 -12"><span class='ocrx_word' id='word_1_147' title='bbox 614 1719 698 1778; x_wconf 78' lang='lat' dir='ltr'><strong>Quem</strong></span> <span class='ocrx_word' id='word_1_148' title='bbox 716 1734 771 1766; x_wconf 91' lang='lat' dir='ltr'><strong>non</strong></span> <span class='ocrx_word' id='word_1_149' title='bbox 788 1734 864 1767; x_wconf 82' lang='lat' dir='ltr'><strong>cesso</strong></span> <span class='ocrx_word' id='word_1_150' title='bbox 883 1733 929 1778; x_wconf 89' lang='lat' dir='ltr'><strong>pro</strong></span> <span class='ocrx_word' id='word_1_151' title='bbox 949 1723 975 1767; x_wconf 92' lang='lat' dir='ltr'><strong>te</strong></span> <span class='ocrx_word' id='word_1_152' title='bbox 993 1718 1104 1778; x_wconf 81' lang='lat' dir='ltr'><strong>tradere,</strong></span> 
     </span>
     <span class='ocr_line' id='line_1_17' title="bbox 613 1786 1064 1851; baseline 0 -17"><span class='ocrx_word' id='word_1_153' title='bbox 613 1787 654 1836; x_wconf 88' lang='grc' dir='ltr'><strong>Τιι</strong></span> <span class='ocrx_word' id='word_1_154' title='bbox 672 1786 775 1836; x_wconf 82' lang='lat' dir='ltr'><strong>colloca</strong></span> <span class='ocrx_word' id='word_1_155' title='bbox 793 1789 821 1835; x_wconf 91' lang='lat' dir='ltr'><strong>in</strong></span> <span class='ocrx_word' id='word_1_156' title='bbox 840 1788 948 1836; x_wconf 82' lang='lat' dir='ltr'><strong>caelesti</strong></span> <span class='ocrx_word' id='word_1_157' title='bbox 966 1788 1064 1851; x_wconf 89' lang='lat' dir='ltr'><strong>requie.</strong></span> 
     </span>
    </p>
   </div>
   <div class='ocr_carea' id='block_1_5' title="bbox 232 1885 1433 2158">
    <p class='ocr_par' dir='ltr' id='par_1_10' title="bbox 232 1885 1433 2158">
     <span class='ocr_line' id='line_1_18' title="bbox 235 1885 1433 1954; baseline -0.003 -15"><span class='ocrx_word' id='word_1_158' title='bbox 235 1889 328 1941; x_wconf 81' lang='lat' dir='ltr'><strong>Naeh</strong></span> <span class='ocrx_word' id='word_1_159' title='bbox 355 1885 402 1949; x_wconf 87' lang='grc'><strong>10,</strong></span> <span class='ocrx_word' id='word_1_160' title='bbox 428 1904 471 1938; x_wconf 90' lang='lat' dir='ltr'><strong>am</strong></span> <span class='ocrx_word' id='word_1_161' title='bbox 496 1887 600 1938; x_wconf 80' lang='lat' dir='ltr'><strong>Schlufe</strong></span> <span class='ocrx_word' id='word_1_162' title='bbox 628 1887 674 1938; x_wconf 74' lang='lat' dir='ltr'><strong>d‘es</strong></span> <span class='ocrx_word' id='word_1_163' title='bbox 692 1889 896 1954; x_wconf 81' lang='lat' dir='ltr'><strong>Epieteltextea,</strong></span> <span class='ocrx_word' id='word_1_164' title='bbox 920 1889 1019 1953; x_wconf 81' lang='lat' dir='ltr'><strong>frigtA</strong></span> <span class='ocrx_word' id='word_1_165' title='bbox 1043 1887 1112 1937; x_wconf 84' lang='lat' dir='ltr'><strong>noch</strong></span> <span class='ocrx_word' id='word_1_166' title='bbox 1135 1888 1191 1937; x_wconf 90' lang='lat' dir='ltr'><strong>bei:</strong></span> <span class='ocrx_word' id='word_1_167' title='bbox 1216 1888 1272 1952; x_wconf 84' lang='lat' dir='ltr'><strong>Ipsi</strong></span> <span class='ocrx_word' id='word_1_168' title='bbox 1293 1886 1381 1952; x_wconf 81' lang='lat' dir='ltr'><strong>gloria</strong></span> <span class='ocrx_word' id='word_1_169' title='bbox 1404 1888 1433 1935; x_wconf 89' lang='lat' dir='ltr'><strong>in</strong></span> 
     </span>
     <span class='ocr_line' id='line_1_19' title="bbox 234 1954 1432 2023; baseline -0.005 -13"><span class='ocrx_word' id='word_1_170' title='bbox 234 1957 372 2010; x_wconf 79' lang='lat' dir='ltr'><strong>saecula.</strong></span> <span class='ocrx_word' id='word_1_171' title='bbox 389 1986 421 1994; x_wconf 94' lang='lat'>—</span> <span class='ocrx_word' id='word_1_172' title='bbox 441 1959 463 2007; x_wconf 94' lang='lat' dir='ltr'>B</span> <span class='ocrx_word' id='word_1_173' title='bbox 485 1956 532 2007; x_wconf 90' lang='lat' dir='ltr'><strong>hat</strong></span> <span class='ocrx_word' id='word_1_174' title='bbox 554 1957 657 2007; x_wconf 83' lang='lat' dir='ltr'><strong>iiberall</strong></span> <span class='ocrx_word' id='word_1_175' title='bbox 681 1957 868 2023; x_wconf 79' lang='lat' dir='ltr'><strong>gleiehmitssig</strong></span> <span class='ocrx_word' id='word_1_176' title='bbox 889 1959 1003 2022; x_wconf 81' lang='lat' dir='ltr'><strong>gebaute</strong></span> <span class='ocrx_word' id='word_1_177' title='bbox 1020 1955 1199 2020; x_wconf 84' lang='lat' dir='ltr'><strong>rhythmisehe</strong></span> <span class='ocrx_word' id='word_1_178' title='bbox 1219 1955 1359 2020; x_wconf 90' lang='lat' dir='ltr'><strong>Strophen.</strong></span> <span class='ocrx_word' id='word_1_179' title='bbox 1394 1954 1432 2004; x_wconf 80' lang='lat' dir='ltr'><strong>Ide</strong></span> 
     </span>
     <span class='ocr_line' id='line_1_20' title="bbox 235 2022 1432 2090; baseline -0.006 -11"><span class='ocrx_word' id='word_1_180' title='bbox 235 2027 338 2079; x_wconf 85' lang='lat' dir='ltr'><strong>bleibt</strong></span> <span class='ocrx_word' id='word_1_181' title='bbox 358 2024 456 2087; x_wconf 85' lang='lat' dir='ltr'><strong>jedech</strong></span> <span class='ocrx_word' id='word_1_182' title='bbox 480 2025 652 2086; x_wconf 83' lang='lat' dir='ltr'><strong>zweifelhuft,</strong></span> <span class='ocrx_word' id='word_1_183' title='bbox 677 2027 711 2074; x_wconf 91' lang='lat' dir='ltr'><strong>ob</strong></span> <span class='ocrx_word' id='word_1_184' title='bbox 735 2026 808 2075; x_wconf 91' lang='lat' dir='ltr'><strong>diese</strong></span> <span class='ocrx_word' id='word_1_185' title='bbox 825 2026 873 2075; x_wconf 86' lang='lat' dir='ltr'><strong>das</strong></span> <span class='ocrx_word' id='word_1_186' title='bbox 891 2026 1014 2075; x_wconf 83' lang='lat' dir='ltr'><strong>Resultat</strong></span> <span class='ocrx_word' id='word_1_187' title='bbox 1032 2027 1149 2090; x_wconf 69' lang='lat' dir='ltr'><strong>spaterer</strong></span> <span class='ocrx_word' id='word_1_188' title='bbox 1165 2025 1345 2088; x_wconf 85' lang='lat' dir='ltr'><strong>Bearbeitung</strong></span> <span class='ocrx_word' id='word_1_189' title='bbox 1364 2022 1432 2086; x_wconf 82' lang='lat' dir='ltr'><strong>sind,</strong></span> 
     </span>
     <span class='ocr_line' id='line_1_21' title="bbox 232 2092 1381 2158; baseline -0.004 -12"><span class='ocrx_word' id='word_1_190' title='bbox 232 2095 304 2146; x_wconf 89' lang='lat' dir='ltr'><strong>und</strong></span> <span class='ocrx_word' id='word_1_191' title='bbox 325 2095 409 2144; x_wconf 83' lang='lat' dir='ltr'><strong>somit</strong></span> <span class='ocrx_word' id='word_1_192' title='bbox 426 2093 449 2143; x_wconf 83' lang='lat' dir='ltr'><strong>A</strong></span> <span class='ocrx_word' id='word_1_193' title='bbox 466 2098 535 2144; x_wconf 83' lang='lat' dir='ltr'><strong>trotz</strong></span> <span class='ocrx_word' id='word_1_194' title='bbox 553 2094 678 2144; x_wconf 86' lang='lat' dir='ltr'><strong>mancher</strong></span> <span class='ocrx_word' id='word_1_195' title='bbox 695 2095 898 2144; x_wconf 88' lang='lat' dir='ltr'><strong>Unebenheiten</strong></span> <span class='ocrx_word' id='word_1_196' title='bbox 916 2095 959 2143; x_wconf 88' lang='lat' dir='ltr'><strong>die</strong></span> <span class='ocrx_word' id='word_1_197' title='bbox 975 2092 1177 2158; x_wconf 78' lang='lat' dir='ltr'><strong>ursprfingliehe</strong></span> <span class='ocrx_word' id='word_1_198' title='bbox 1195 2094 1274 2142; x_wconf 84' lang='lat' dir='ltr'><strong>Form</strong></span> <span class='ocrx_word' id='word_1_199' title='bbox 1292 2093 1381 2142; x_wconf 80' lang='lat' dir='ltr'><strong>bietet</strong></span> 
     </span>
    </p>
   </div>
   <div class='ocr_carea' id='block_1_6' title="bbox 636 2346 1060 2415">
    <p class='ocr_par' dir='ltr' id='par_1_11' title="bbox 636 2346 1060 2415">
     <span class='ocr_line' id='line_1_22' title="bbox 636 2346 1060 2415; baseline 0.007 -15"><span class='ocrx_word' id='word_1_200' title='bbox 636 2346 699 2403; x_wconf 71' lang='lat'>412.</span> <span class='ocrx_word' id='word_1_201' title='bbox 727 2347 763 2401; x_wconf 86' lang='lat' dir='ltr'><strong>In</strong></span> <span class='ocrx_word' id='word_1_202' title='bbox 781 2347 882 2402; x_wconf 83' lang='lat' dir='ltr'><strong>sancti</strong></span> <span class='ocrx_word' id='word_1_203' title='bbox 900 2346 1060 2415; x_wconf 82' lang='lat' dir='ltr'><strong>Stephani.</strong></span> 
     </span>
    </p>
   </div>
   <div class='ocr_carea' id='block_1_7' title="bbox 566 2503 1032 2906">
    <p class='ocr_par' dir='ltr' id='par_1_12' title="bbox 566 2503 1032 2906">
     <span class='ocr_line' id='line_1_23' title="bbox 566 2503 991 2578; baseline -0.007 -12"><span class='ocrx_word' id='word_1_204' title='bbox 566 2507 593 2567; x_wconf 90' lang='lat'><strong>1.</strong></span> <span class='ocrx_word' id='word_1_205' title='bbox 619 2507 682 2566; x_wconf 87' lang='lat' dir='ltr'><strong>Lux</strong></span> <span class='ocrx_word' id='word_1_206' title='bbox 703 2503 828 2578; x_wconf 80' lang='lat' dir='ltr'><strong>refulget</strong></span> <span class='ocrx_word' id='word_1_207' title='bbox 850 2507 991 2564; x_wconf 87' lang='lat' dir='ltr'><strong>hodierne</strong></span> 
     </span>
     <span class='ocr_line' id='line_1_24' title="bbox 659 2590 969 2665; baseline -0.01 -15"><span class='ocrx_word' id='word_1_208' title='bbox 659 2590 797 2663; x_wconf 83' lang='lat' dir='ltr'><strong>Stephani</strong></span> <span class='ocrx_word' id='word_1_209' title='bbox 820 2592 969 2665; x_wconf 81' lang='lat' dir='ltr'><strong>martyrio,</strong></span> 
     </span>
     <span class='ocr_line' id='line_1_25' title="bbox 616 2676 989 2735; baseline 0.003 -1"><span class='ocrx_word' id='word_1_210' title='bbox 616 2676 669 2734; x_wconf 88' lang='lat' dir='ltr'><strong>Cui</strong></span> <span class='ocrx_word' id='word_1_211' title='bbox 693 2677 778 2734; x_wconf 86' lang='lat' dir='ltr'><strong>detur</strong></span> <span class='ocrx_word' id='word_1_212' title='bbox 799 2678 849 2734; x_wconf 86' lang='lat' dir='ltr'><strong>lux</strong></span> <span class='ocrx_word' id='word_1_213' title='bbox 871 2683 989 2735; x_wconf 86' lang='lat' dir='ltr'><strong>aeterna</strong></span> 
     </span>
     <span class='ocr_line' id='line_1_26' title="bbox 659 2761 953 2834; baseline 0.007 -16"><span class='ocrx_word' id='word_1_214' title='bbox 659 2761 751 2819; x_wconf 81' lang='lat' dir='ltr'><strong>Felici</strong></span> <span class='ocrx_word' id='word_1_215' title='bbox 774 2763 953 2834; x_wconf 82' lang='lat' dir='ltr'><strong>commercio,</strong></span> 
     </span>
     <span class='ocr_line' id='line_1_27' title="bbox 615 2847 1032 2906; baseline 0.002 -2"><span class='ocrx_word' id='word_1_216' title='bbox 615 2849 663 2906; x_wconf 88' lang='lat' dir='ltr'><strong>Ad</strong></span> <span class='ocrx_word' id='word_1_217' title='bbox 686 2847 822 2906; x_wconf 87' lang='lat' dir='ltr'><strong>honorem</strong></span> <span class='ocrx_word' id='word_1_218' title='bbox 846 2849 926 2905; x_wconf 87' lang='lat' dir='ltr'><strong>cuius</strong></span> <span class='ocrx_word' id='word_1_219' title='bbox 949 2854 1032 2906; x_wconf 87' lang='lat' dir='ltr'><strong>sonat</strong></span> 
     </span>
    </p>
   </div>
   <div class='ocr_carea' id='block_1_8' title="bbox 228 2932 971 3146">
    <p class='ocr_par' dir='ltr' id='par_1_13' title="bbox 228 2932 971 3146">
     <span class='ocr_line' id='line_1_28' title="bbox 658 2932 971 3005; baseline -0.003 -13"><span class='ocrx_word' id='word_1_220' title='bbox 658 2932 796 2992; x_wconf 89' lang='lat' dir='ltr'><strong>Sollemni</strong></span> <span class='ocrx_word' id='word_1_221' title='bbox 817 2936 971 3005; x_wconf 79' lang='lat' dir='ltr'><strong>praeconio</strong></span> 
     </span>
     <span class='ocr_line' id='line_1_29' title="bbox 228 3010 705 3078; baseline -0.006 -11"><span class='ocrx_word' id='word_1_222' title='bbox 228 3011 345 3067; x_wconf 79' lang='lat' dir='ltr'><strong>Lectio</strong></span> <span class='ocrx_word' id='word_1_223' title='bbox 366 3010 490 3065; x_wconf 73' lang='lat' dir='ltr'><strong>Aetatem</strong></span> <span class='ocrx_word' id='word_1_224' title='bbox 508 3013 705 3078; x_wconf 76' lang='lat' dir='ltr'><strong>apostoloram,</strong></span> 
     </span>
     <span class='ocr_line' id='line_1_30' title="bbox 566 3084 858 3146; baseline -0.01 0"><span class='ocrx_word' id='word_1_225' title='bbox 566 3089 595 3146; x_wconf 83' lang='lat'><strong>2.</strong></span> <span class='ocrx_word' id='word_1_226' title='bbox 621 3087 746 3144; x_wconf 83' lang='lat' dir='ltr'><strong>Vernant</strong></span> <span class='ocrx_word' id='word_1_227' title='bbox 771 3084 858 3143; x_wconf 85' lang='lat' dir='ltr'><strong>fortia</strong></span> 
     </span>
    </p>
   </div>
   <div class='ocr_carea' id='block_1_9' title="bbox 616 3173 962 3242">
    <p class='ocr_par' dir='ltr' id='par_1_14' title="bbox 616 3173 962 3242">
     <span class='ocr_line' id='line_1_31' title="bbox 616 3173 962 3242; baseline -0.006 -13"><span class='ocrx_word' id='word_1_228' title='bbox 616 3173 677 3229; x_wconf 87' lang='lat' dir='ltr'><strong>Iam</strong></span> <span class='ocrx_word' id='word_1_229' title='bbox 700 3187 817 3242; x_wconf 88' lang='lat' dir='ltr'><strong>quorum</strong></span> <span class='ocrx_word' id='word_1_230' title='bbox 841 3177 962 3242; x_wconf 84' lang='lat' dir='ltr'><strong>tropaea</strong></span> 
     </span>
    </p>
   </div>
   <div class='ocr_carea' id='block_1_10' title="bbox 230 3257 1317 3720">
    <p class='ocr_par' dir='ltr' id='par_1_15' title="bbox 230 3257 1317 3720">
     <span class='ocr_line' id='line_1_32' title="bbox 616 3257 857 3315; baseline 0.004 -1"><span class='ocrx_word' id='word_1_231' title='bbox 616 3258 650 3314; x_wconf 91' lang='lat' dir='ltr'><strong>In</strong></span> <span class='ocrx_word' id='word_1_232' title='bbox 674 3257 746 3314; x_wconf 86' lang='lat' dir='ltr'><strong>caeli</strong></span> <span class='ocrx_word' id='word_1_233' title='bbox 769 3273 799 3313; x_wconf 90' lang='lat' dir='ltr'><strong>re</strong></span> <span class='ocrx_word' id='word_1_234' title='bbox 820 3257 857 3315; x_wconf 83' lang='lat' dir='ltr'><strong>ia.</strong></span> 
     </span>
     <span class='ocr_line' id='line_1_33' title="bbox 230 3275 1111 3404; baseline -0.002 -14"><span class='ocrx_word' id='word_1_235' title='bbox 230 3337 280 3390; x_wconf 78' lang='lat' dir='ltr'><strong>In</strong></span> <span class='ocrx_word' id='word_1_236' title='bbox 304 3332 406 3388; x_wconf 79' lang='lat' dir='ltr'><strong>diebus</strong></span> <span class='ocrx_word' id='word_1_237' title='bbox 423 3333 481 3386; x_wconf 80' lang='lat' dir='ltr'><strong>illie</strong></span> <span class='ocrx_word' id='word_1_238' title='bbox 497 3333 653 3402; x_wconf 74' lang='lat' dir='ltr'><strong>Stephanae</strong></span> <span class='ocrx_word' id='word_1_239' title='bbox 667 3337 768 3402; x_wconf 76' lang='lat' dir='ltr'><strong>plenus</strong></span> <span class='ocrx_word' id='word_1_240' title='bbox 787 3275 879 3404; x_wconf 53' lang='lat' dir='ltr'><strong>adalia</strong></span> <span class='ocrx_word' id='word_1_241' title='bbox 900 3340 925 3387; x_wconf 87' lang='lat' dir='ltr'><strong>et</strong></span> <span class='ocrx_word' id='word_1_242' title='bbox 940 3336 1111 3402; x_wconf 76' lang='lat' dir='ltr'><strong>fortitudine,</strong></span> 
     </span>
     <span class='ocr_line' id='line_1_34' title="bbox 567 3410 858 3472; baseline -0.01 -3"><span class='ocrx_word' id='word_1_243' title='bbox 567 3413 596 3472; x_wconf 83' lang='lat'><strong>3.</strong></span> <span class='ocrx_word' id='word_1_244' title='bbox 619 3410 739 3467; x_wconf 88' lang='lat' dir='ltr'><strong>Lumine</strong></span> <span class='ocrx_word' id='word_1_245' title='bbox 762 3410 858 3468; x_wconf 88' lang='lat' dir='ltr'><strong>vultus</strong></span> 
     </span>
     <span class='ocr_line' id='line_1_35' title="bbox 616 3495 1010 3568; baseline 0.003 -17"><span class='ocrx_word' id='word_1_246' title='bbox 616 3495 680 3566; x_wconf 81' lang='lat' dir='ltr'><strong>Tui,</strong></span> <span class='ocrx_word' id='word_1_247' title='bbox 704 3495 835 3568; x_wconf 85' lang='lat' dir='ltr'><strong>Domine,</strong></span> <span class='ocrx_word' id='word_1_248' title='bbox 859 3496 1010 3568; x_wconf 85' lang='lat' dir='ltr'><strong>insignitus</strong></span> 
     </span>
     <span class='ocr_line' id='line_1_36' title="bbox 230 3571 953 3645; baseline -0.003 -16"><span class='ocrx_word' id='word_1_249' title='bbox 230 3571 378 3645; x_wconf 77' lang='lat' dir='ltr'><strong>faciebat</strong></span> <span class='ocrx_word' id='word_1_250' title='bbox 391 3571 525 3642; x_wconf 70' lang='lat' dir='ltr'><strong>prodtyia</strong></span> <span class='ocrx_word' id='word_1_251' title='bbox 544 3579 568 3627; x_wconf 83' lang='lat' dir='ltr'><strong>et</strong></span> <span class='ocrx_word' id='word_1_252' title='bbox 586 3575 668 3642; x_wconf 62' lang='lat' dir='ltr'><strong>siena</strong></span> <span class='ocrx_word' id='word_1_253' title='bbox 686 3591 786 3641; x_wconf 64' lang='lat' dir='ltr'><strong>maana</strong></span> <span class='ocrx_word' id='word_1_254' title='bbox 802 3577 833 3628; x_wconf 77' lang='lat' dir='ltr'><strong>ta</strong></span> <span class='ocrx_word' id='word_1_255' title='bbox 847 3576 953 3642; x_wconf 76' lang='lat' dir='ltr'><strong>populo</strong></span> 
     </span>
     <span class='ocr_line' id='line_1_37' title="bbox 566 3648 1317 3720; baseline 0.003 -12"><span class='ocrx_word' id='word_1_256' title='bbox 566 3653 596 3708; x_wconf 87' lang='grc'><strong>4.</strong></span> <span class='ocrx_word' id='word_1_257' title='bbox 620 3649 756 3720; x_wconf 80' lang='lat' dir='ltr'><strong>optatum</strong></span> <span class='ocrx_word' id='word_1_258' title='bbox 778 3648 899 3706; x_wconf 88' lang='lat' dir='ltr'><strong>infirmis</strong></span> <span class='ocrx_word' id='word_1_259' title='bbox 922 3648 1010 3706; x_wconf 89' lang='lat' dir='ltr'><strong>robur</strong></span> <span class='ocrx_word' id='word_1_260' title='bbox 1032 3648 1160 3707; x_wconf 86' lang='lat' dir='ltr'><strong>cedendo</strong></span> <span class='ocrx_word' id='word_1_261' title='bbox 1183 3648 1317 3710; x_wconf 78' lang='lat' dir='ltr'><strong>catervis.</strong></span> 
     </span>
    </p>
   </div>
   <div class='ocr_carea' id='block_1_11' title="bbox 232 3728 1224 3797">
    <p class='ocr_par' dir='ltr' id='par_1_16' title="bbox 232 3728 1224 3797">
     <span class='ocr_line' id='line_1_38' title="bbox 232 3728 1224 3797; baseline 0 -15"><span class='ocrx_word' id='word_1_262' title='bbox 232 3730 446 3785; x_wconf 76' lang='lat' dir='ltr'><strong>swrrexerunt</strong></span> <span class='ocrx_word' id='word_1_263' title='bbox 464 3730 553 3780; x_wconf 75' lang='lat' dir='ltr'><strong>autem</strong></span> <span class='ocrx_word' id='word_1_264' title='bbox 571 3728 684 3796; x_wconf 74' lang='lat' dir='ltr'><strong>quidam</strong></span> <span class='ocrx_word' id='word_1_265' title='bbox 702 3728 733 3780; x_wconf 84' lang='lat' dir='ltr'><strong>de</strong></span> <span class='ocrx_word' id='word_1_266' title='bbox 751 3742 901 3797; x_wconf 68' lang='lat' dir='ltr'><strong>synaqoya,</strong></span> <span class='ocrx_word' id='word_1_267' title='bbox 920 3744 989 3795; x_wconf 79' lang='lat' dir='ltr'><strong>quae</strong></span> <span class='ocrx_word' id='word_1_268' title='bbox 1005 3729 1160 3797; x_wconf 73' lang='lat' dir='ltr'><strong>appellatur</strong></span> <span class='ocrx_word' id='word_1_269' title='bbox 1177 3733 1224 3782; x_wconf 86' lang='lat' dir='ltr'><strong>etc.</strong></span> 
     </span>
    </p>
   </div>
   <div class='ocr_carea' id='block_1_12' title="bbox 228 3880 1437 4426">
    <p class='ocr_par' dir='ltr' id='par_1_17' title="bbox 228 3880 1437 4426">
     <span class='ocr_line' id='line_1_39' title="bbox 321 3880 1436 3950; baseline 0.002 -19"><span class='ocrx_word' id='word_1_270' title='bbox 321 3883 405 3947; x_wconf 84' lang='lat' dir='ltr'><strong>Trop.</strong></span> <span class='ocrx_word' id='word_1_271' title='bbox 431 3899 479 3932; x_wconf 87' lang='lat' dir='ltr'><strong>ms.</strong></span> <span class='ocrx_word' id='word_1_272' title='bbox 504 3883 677 3950; x_wconf 82' lang='lat' dir='ltr'><strong>Sangallense</strong></span> <span class='ocrx_word' id='word_1_273' title='bbox 701 3901 771 3935; x_wconf 82' lang='lat' dir='ltr'><strong>saec.</strong></span> <span class='ocrx_word' id='word_1_274' title='bbox 796 3883 837 3948; x_wconf 89' lang='grc'><strong>(11</strong></span> <span class='ocrx_word' id='word_1_275' title='bbox 863 3883 907 3946; x_wconf 83' lang='lat' dir='ltr'><strong>et.)</strong></span> <span class='ocrx_word' id='word_1_276' title='bbox 931 3882 971 3936; x_wconf 84' lang='lat'><strong>13.</strong></span> <span class='ocrx_word' id='word_1_277' title='bbox 1007 3884 1070 3934; x_wconf 86' lang='lat' dir='ltr'><strong>Cod.</strong></span> <span class='ocrx_word' id='word_1_278' title='bbox 1094 3885 1245 3949; x_wconf 77' lang='lat' dir='ltr'><strong>Sangallen.</strong></span> <span class='ocrx_word' id='word_1_279' title='bbox 1269 3880 1327 3934; x_wconf 78' lang='lat'>382.</span> <span class='ocrx_word' id='word_1_280' title='bbox 1352 3883 1383 3934; x_wconf 80' lang='lat' dir='ltr'><strong>A.</strong></span> <span class='ocrx_word' id='word_1_281' title='bbox 1401 3909 1436 3918; x_wconf 93' lang='lat'><strong>—-</strong></span> 
     </span>
     <span class='ocr_line' id='line_1_40' title="bbox 232 3949 1435 4016; baseline -0.003 -10"><span class='ocrx_word' id='word_1_282' title='bbox 232 3957 335 4016; x_wconf 85' lang='lat' dir='ltr'><strong>Trop.</strong></span> <span class='ocrx_word' id='word_1_283' title='bbox 355 3966 405 4000; x_wconf 88' lang='lat' dir='ltr'><strong>ms.</strong></span> <span class='ocrx_word' id='word_1_284' title='bbox 417 3951 570 4003; x_wconf 86' lang='lat' dir='ltr'><strong>Parisieme</strong></span> <span class='ocrx_word' id='word_1_285' title='bbox 586 3953 608 4015; x_wconf 74' lang='lat' dir='ltr'><strong>(t</strong></span> <span class='ocrx_word' id='word_1_286' title='bbox 621 3951 760 4016; x_wconf 86' lang='lat' dir='ltr'><strong>Remenee)</strong></span> <span class='ocrx_word' id='word_1_287' title='bbox 777 3969 845 4004; x_wconf 79' lang='lat' dir='ltr'><strong>saec.</strong></span> <span class='ocrx_word' id='word_1_288' title='bbox 866 3951 906 4004; x_wconf 88' lang='grc'><strong>13.</strong></span> <span class='ocrx_word' id='word_1_289' title='bbox 925 3953 980 4004; x_wconf 84' lang='lat' dir='ltr'><strong>Ood</strong></span> <span class='ocrx_word' id='word_1_290' title='bbox 993 3954 1128 4003; x_wconf 85' lang='lat' dir='ltr'><strong>Cemmun.</strong></span> <span class='ocrx_word' id='word_1_291' title='bbox 1146 3953 1274 4002; x_wconf 77' lang='lat' dir='ltr'><strong>Aasisien.</strong></span> <span class='ocrx_word' id='word_1_292' title='bbox 1286 3949 1345 4002; x_wconf 84' lang='grc'><strong>695.</strong></span> <span class='ocrx_word' id='word_1_293' title='bbox 1358 3954 1387 4002; x_wconf 91' lang='grc' dir='ltr'><strong>Β.</strong></span> <span class='ocrx_word' id='word_1_294' title='bbox 1400 3977 1435 3986; x_wconf 91' lang='grc'>-</span> 
     </span>
     <span class='ocr_line' id='line_1_41' title="bbox 231 4016 1435 4087; baseline -0.002 -15"><span class='ocrx_word' id='word_1_295' title='bbox 231 4025 335 4084; x_wconf 85' lang='lat' dir='ltr'><strong>Trop.</strong></span> <span class='ocrx_word' id='word_1_296' title='bbox 362 4033 411 4068; x_wconf 87' lang='lat' dir='ltr'><strong>me.</strong></span> <span class='ocrx_word' id='word_1_297' title='bbox 430 4020 570 4084; x_wconf 83' lang='lat' dir='ltr'><strong>Anglieum</strong></span> <span class='ocrx_word' id='word_1_298' title='bbox 587 4020 621 4084; x_wconf 77' lang='grc'>(1)</span> <span class='ocrx_word' id='word_1_299' title='bbox 643 4037 712 4072; x_wconf 78' lang='lat' dir='ltr'><strong>eaeo.</strong></span> <span class='ocrx_word' id='word_1_300' title='bbox 732 4018 772 4072; x_wconf 86' lang='lat'><strong>13.</strong></span> <span class='ocrx_word' id='word_1_301' title='bbox 792 4019 991 4087; x_wconf 80' lang='lat' dir='ltr'><strong>(fragmentum).</strong></span> <span class='ocrx_word' id='word_1_302' title='bbox 1022 4021 1086 4070; x_wconf 85' lang='lat' dir='ltr'><strong>Cod.</strong></span> <span class='ocrx_word' id='word_1_303' title='bbox 1104 4020 1251 4070; x_wconf 89' lang='lat' dir='ltr'><strong>Londinen.</strong></span> <span class='ocrx_word' id='word_1_304' title='bbox 1270 4022 1347 4070; x_wconf 85' lang='lat' dir='ltr'><strong>Harl.</strong></span> <span class='ocrx_word' id='word_1_305' title='bbox 1360 4016 1435 4070; x_wconf 89' lang='grc'>1010.</span> 
     </span>
     <span class='ocr_line' id='line_1_42' title="bbox 233 4085 1436 4154; baseline 0.002 -18"><span class='ocrx_word' id='word_1_306' title='bbox 233 4095 272 4144; x_wconf 87' lang='lat' dir='ltr'><strong>c.</strong></span> <span class='ocrx_word' id='word_1_307' title='bbox 297 4113 338 4124; x_wconf 91' lang='lat'><strong>—-</strong></span> <span class='ocrx_word' id='word_1_308' title='bbox 359 4087 413 4136; x_wconf 89' lang='lat' dir='ltr'><strong>Str.</strong></span> <span class='ocrx_word' id='word_1_309' title='bbox 435 4085 447 4137; x_wconf 94' lang='grc'><strong>1</strong></span> <span class='ocrx_word' id='word_1_310' title='bbox 467 4089 532 4138; x_wconf 90' lang='lat' dir='ltr'><strong>fehlt</strong></span> <span class='ocrx_word' id='word_1_311' title='bbox 550 4089 600 4140; x_wconf 81' lang='lat' dir='ltr'><strong>Bc.</strong></span> <span class='ocrx_word' id='word_1_312' title='bbox 620 4118 654 4127; x_wconf 95' lang='lat'><em>-</em></span> <span class='ocrx_word' id='word_1_313' title='bbox 666 4091 726 4140; x_wconf 85' lang='lat' dir='ltr'><strong>Von</strong></span> <span class='ocrx_word' id='word_1_314' title='bbox 738 4092 805 4140; x_wconf 84' lang='lat' dir='ltr'><strong>Vere</strong></span> <span class='ocrx_word' id='word_1_315' title='bbox 821 4087 839 4139; x_wconf 88' lang='lat'>4</span> <span class='ocrx_word' id='word_1_316' title='bbox 856 4091 891 4140; x_wconf 87' lang='lat' dir='ltr'><strong>ab</strong></span> <span class='ocrx_word' id='word_1_317' title='bbox 908 4087 962 4151; x_wconf 87' lang='lat' dir='ltr'><strong>(ein</strong></span> <span class='ocrx_word' id='word_1_318' title='bbox 973 4086 1142 4152; x_wconf 82' lang='lat' dir='ltr'><strong>Hexameter)</strong></span> <span class='ocrx_word' id='word_1_319' title='bbox 1151 4089 1267 4138; x_wconf 73' lang='lat' dir='ltr'><strong>verliuft</strong></span> <span class='ocrx_word' id='word_1_320' title='bbox 1283 4088 1325 4139; x_wconf 90' lang='lat' dir='ltr'><strong>die</strong></span> <span class='ocrx_word' id='word_1_321' title='bbox 1342 4089 1436 4154; x_wconf 83' lang='lat' dir='ltr'><strong>dbrige</strong></span> 
     </span>
     <span class='ocr_line' id='line_1_43' title="bbox 230 4155 1437 4222; baseline -0.003 -12"><span class='ocrx_word' id='word_1_322' title='bbox 230 4158 426 4222; x_wconf 84' lang='lat' dir='ltr'><strong>Tropierung</strong></span> <span class='ocrx_word' id='word_1_323' title='bbox 444 4158 473 4205; x_wconf 91' lang='lat' dir='ltr'><strong>in</strong></span> <span class='ocrx_word' id='word_1_324' title='bbox 489 4157 681 4222; x_wconf 78' lang='lat' dir='ltr'><strong>vollstiindiger</strong></span> <span class='ocrx_word' id='word_1_325' title='bbox 697 4159 789 4207; x_wconf 85' lang='lat' dir='ltr'><strong>Prosa.</strong></span> <span class='ocrx_word' id='word_1_326' title='bbox 807 4158 933 4208; x_wconf 80' lang='lat' dir='ltr'><strong>Bemerlrt</strong></span> <span class='ocrx_word' id='word_1_327' title='bbox 950 4160 988 4207; x_wconf 87' lang='lat' dir='ltr'><strong>eei</strong></span> <span class='ocrx_word' id='word_1_328' title='bbox 1005 4174 1062 4216; x_wconf 90' lang='lat' dir='ltr'><strong>nur,</strong></span> <span class='ocrx_word' id='word_1_329' title='bbox 1082 4156 1139 4206; x_wconf 81' lang='lat' dir='ltr'><strong>dale</strong></span> <span class='ocrx_word' id='word_1_330' title='bbox 1157 4155 1226 4206; x_wconf 83' lang='lat' dir='ltr'><strong>naeh</strong></span> <span class='ocrx_word' id='word_1_331' title='bbox 1244 4156 1303 4206; x_wconf 91' lang='lat' dir='ltr'><strong>dem</strong></span> <span class='ocrx_word' id='word_1_332' title='bbox 1320 4157 1437 4222; x_wconf 84' lang='lat' dir='ltr'><strong>Epietel-</strong></span> 
     </span>
     <span class='ocr_line' id='line_1_44' title="bbox 231 4222 1437 4291; baseline 0 -16"><span class='ocrx_word' id='word_1_333' title='bbox 231 4231 324 4281; x_wconf 74' lang='lat' dir='ltr'><strong>texte</strong></span> <span class='ocrx_word' id='word_1_334' title='bbox 340 4225 483 4290; x_wconf 67' lang='lat' dir='ltr'><strong>„Domine</strong></span> <span class='ocrx_word' id='word_1_335' title='bbox 502 4241 535 4275; x_wconf 89' lang='lat' dir='ltr'><strong>ne</strong></span> <span class='ocrx_word' id='word_1_336' title='bbox 553 4230 654 4276; x_wconf 82' lang='lat' dir='ltr'><strong>statuae</strong></span> <span class='ocrx_word' id='word_1_337' title='bbox 672 4223 728 4276; x_wconf 84' lang='lat' dir='ltr'><strong>illie</strong></span> <span class='ocrx_word' id='word_1_338' title='bbox 746 4226 796 4276; x_wconf 87' lang='lat' dir='ltr'><strong>hoe</strong></span> <span class='ocrx_word' id='word_1_339' title='bbox 814 4222 964 4291; x_wconf 83' lang='lat' dir='ltr'><strong>peceatum“</strong></span> <span class='ocrx_word' id='word_1_340' title='bbox 985 4225 1025 4275; x_wconf 86' lang='lat' dir='ltr'><strong>als</strong></span> <span class='ocrx_word' id='word_1_341' title='bbox 1037 4226 1203 4289; x_wconf 84' lang='lat' dir='ltr'><strong>Tropierung</strong></span> <span class='ocrx_word' id='word_1_342' title='bbox 1220 4226 1265 4275; x_wconf 90' lang='lat' dir='ltr'><strong>ein</strong></span> <span class='ocrx_word' id='word_1_343' title='bbox 1276 4227 1437 4275; x_wconf 87' lang='lat' dir='ltr'><strong>Hexameter</strong></span> 
     </span>
     <span class='ocr_line' id='line_1_45' title="bbox 228 4290 1429 4360; baseline -0.002 -14"><span class='ocrx_word' id='word_1_344' title='bbox 228 4299 333 4354; x_wconf 81' lang='lat' dir='ltr'><strong>dient,</strong></span> <span class='ocrx_word' id='word_1_345' title='bbox 348 4293 398 4344; x_wconf 87' lang='lat' dir='ltr'><strong>der</strong></span> <span class='ocrx_word' id='word_1_346' title='bbox 408 4292 469 4342; x_wconf 89' lang='lat' dir='ltr'><strong>dem</strong></span> <span class='ocrx_word' id='word_1_347' title='bbox 480 4293 678 4359; x_wconf 68' lang='lat' dir='ltr'><strong>Kyme-Tropue</strong></span> <span class='ocrx_word' id='word_1_348' title='bbox 692 4296 949 4360; x_wconf 84' lang='lat' dir='ltr'><strong>„Cunetipotens</strong></span> <span class='ocrx_word' id='word_1_349' title='bbox 961 4290 1112 4358; x_wconf 85' lang='lat' dir='ltr'><strong>geniter“</strong></span> <span class='ocrx_word' id='word_1_350' title='bbox 1122 4290 1209 4356; x_wconf 82' lang='lat' dir='ltr'><strong>(Anal.</strong></span> <span class='ocrx_word' id='word_1_351' title='bbox 1218 4295 1316 4358; x_wconf 83' lang='lat' dir='ltr'><strong>Hymn.</strong></span> <span class='ocrx_word' id='word_1_352' title='bbox 1326 4295 1429 4344; x_wconf 87' lang='lat' dir='ltr'>XLVII</span> 
     </span>
     <span class='ocr_line' id='line_1_46' title="bbox 230 4361 698 4426; baseline -0.006 -13"><span class='ocrx_word' id='word_1_353' title='bbox 230 4370 292 4422; x_wconf 72' lang='grc' dir='ltr'><strong>Νι.</strong></span> <span class='ocrx_word' id='word_1_354' title='bbox 315 4361 346 4426; x_wconf 88' lang='grc'><strong>4)</strong></span> <span class='ocrx_word' id='word_1_355' title='bbox 367 4361 490 4412; x_wconf 88' lang='lat' dir='ltr'><strong>entlehnt</strong></span> <span class='ocrx_word' id='word_1_356' title='bbox 506 4362 549 4422; x_wconf 87' lang='lat' dir='ltr'><strong>ist,</strong></span> <span class='ocrx_word' id='word_1_357' title='bbox 567 4361 698 4412; x_wconf 77' lang='lat' dir='ltr'><strong>niamlich:</strong></span> 
     </span>
    </p>
   </div>
   <div class='ocr_carea' id='block_1_13' title="bbox 464 4462 1094 4529">
    <p class='ocr_par' dir='ltr' id='par_1_18' title="bbox 464 4462 1094 4529">
     <span class='ocr_line' id='line_1_47' title="bbox 464 4462 1094 4529; baseline -0.003 -15"><span class='ocrx_word' id='word_1_358' title='bbox 464 4464 519 4514; x_wconf 85' lang='lat' dir='ltr'><strong>Nee</strong></span> <span class='ocrx_word' id='word_1_359' title='bbox 535 4468 582 4512; x_wconf 89' lang='lat' dir='ltr'><strong>tua</strong></span> <span class='ocrx_word' id='word_1_360' title='bbox 600 4462 745 4521; x_wconf 80' lang='lat' dir='ltr'><strong>damnetur,</strong></span> <span class='ocrx_word' id='word_1_361' title='bbox 764 4464 834 4523; x_wconf 85' lang='lat' dir='ltr'><strong>Iesu,</strong></span> <span class='ocrx_word' id='word_1_362' title='bbox 851 4463 955 4513; x_wconf 82' lang='lat' dir='ltr'><strong>factura</strong></span> <span class='ocrx_word' id='word_1_363' title='bbox 972 4462 1094 4529; x_wconf 81' lang='lat' dir='ltr'><strong>benigne.</strong></span> 
     </span>
    </p>
   </div>
   <div class='ocr_carea' id='block_1_14' title="bbox 225 4561 1437 4699">
    <p class='ocr_par' dir='ltr' id='par_1_19' title="bbox 225 4561 1437 4699">
     <span class='ocr_line' id='line_1_48' title="bbox 225 4561 1437 4629; baseline -0.005 -9"><span class='ocrx_word' id='word_1_364' title='bbox 225 4579 278 4629; x_wconf 86' lang='lat' dir='ltr'><strong>Im</strong></span> <span class='ocrx_word' id='word_1_365' title='bbox 308 4564 458 4620; x_wconf 81' lang='lat' dir='ltr'><strong>mehrfach</strong></span> <span class='ocrx_word' id='word_1_366' title='bbox 480 4564 563 4615; x_wconf 85' lang='lat' dir='ltr'><strong>achon</strong></span> <span class='ocrx_word' id='word_1_367' title='bbox 586 4565 738 4614; x_wconf 68' lang='lat' dir='ltr'><strong>erwahnten</strong></span> <span class='ocrx_word' id='word_1_368' title='bbox 757 4561 819 4614; x_wconf 84' lang='lat' dir='ltr'><strong>Cod.</strong></span> <span class='ocrx_word' id='word_1_369' title='bbox 838 4564 985 4614; x_wconf 90' lang='lat' dir='ltr'><strong>Londinen.</strong></span> <span class='ocrx_word' id='word_1_370' title='bbox 1005 4565 1080 4614; x_wconf 87' lang='lat' dir='ltr'><strong>Harl.</strong></span> <span class='ocrx_word' id='word_1_371' title='bbox 1106 4561 1172 4615; x_wconf 89' lang='lat'>1010</span> <span class='ocrx_word' id='word_1_372' title='bbox 1195 4564 1277 4616; x_wconf 85' lang='lat' dir='ltr'><strong>findet</strong></span> <span class='ocrx_word' id='word_1_373' title='bbox 1294 4565 1351 4615; x_wconf 87' lang='lat' dir='ltr'><strong>eieh</strong></span> <span class='ocrx_word' id='word_1_374' title='bbox 1368 4565 1437 4615; x_wconf 83' lang='lat' dir='ltr'><strong>noch</strong></span> 
     </span>
     <span class='ocr_line' id='line_1_49' title="bbox 226 4632 1437 4699; baseline -0.002 -13"><span class='ocrx_word' id='word_1_375' title='bbox 226 4646 305 4697; x_wconf 65' lang='lat' dir='ltr'><strong>eine</strong></span> <span class='ocrx_word' id='word_1_376' title='bbox 325 4634 433 4688; x_wconf 86' lang='lat' dir='ltr'><strong>andere</strong></span> <span class='ocrx_word' id='word_1_377' title='bbox 451 4635 578 4699; x_wconf 88' lang='lat' dir='ltr'><strong>tropierte</strong></span> <span class='ocrx_word' id='word_1_378' title='bbox 591 4633 695 4698; x_wconf 82' lang='lat' dir='ltr'><strong>Epietel</strong></span> <span class='ocrx_word' id='word_1_379' title='bbox 713 4634 755 4682; x_wconf 81' lang='lat' dir='ltr'><strong>fiir</strong></span> <span class='ocrx_word' id='word_1_380' title='bbox 772 4633 819 4682; x_wconf 85' lang='lat' dir='ltr'><strong>das</strong></span> <span class='ocrx_word' id='word_1_381' title='bbox 832 4634 895 4682; x_wconf 80' lang='lat' dir='ltr'><strong>Fest</strong></span> <span class='ocrx_word' id='word_1_382' title='bbox 911 4632 956 4682; x_wconf 91' lang='lat' dir='ltr'><strong>des</strong></span> <span class='ocrx_word' id='word_1_383' title='bbox 970 4633 1005 4683; x_wconf 93' lang='lat' dir='ltr'><strong>hl.</strong></span> <span class='ocrx_word' id='word_1_384' title='bbox 1019 4632 1226 4698; x_wconf 80' lang='lat' dir='ltr'><strong>Stephanus,</strong></span> <span class='ocrx_word' id='word_1_385' title='bbox 1243 4635 1288 4684; x_wconf 91' lang='lat' dir='ltr'><strong>die</strong></span> <span class='ocrx_word' id='word_1_386' title='bbox 1300 4635 1372 4695; x_wconf 83' lang='lat' dir='ltr'><strong>aber,</strong></span> <span class='ocrx_word' id='word_1_387' title='bbox 1390 4633 1437 4684; x_wconf 88' lang='lat' dir='ltr'><strong>ab·</strong></span> 
     </span>
    </p>
   </div>
   <div class='ocr_carea' id='block_1_15' title="bbox 0 0 1712 5384">
    <p class='ocr_par' dir='ltr' id='par_1_20' title="bbox 0 0 1712 5384">
     <span class='ocr_line' id='line_1_50' title="bbox 0 0 1712 5384; baseline 0 0"><span class='ocrx_word' id='word_1_388' title='bbox 0 0 1712 5384; x_wconf 95' lang='lat' dir='ltr'><strong> </strong></span> 
     </span>
    </p>
   </div>
  </div>
 </body>
</html>
