3409 5384
770 486 1001 550 -mo-

667 662 705 721 10
773 659 821 719 Sic
843 665 942 719 noster
962 659 1095 720 Elisseae

729 746 815 806 Vertit
836 761 984 822 reparare,

768 831 843 890 Dum
867 830 900 891 fit
923 831 1006 889 homo
1028 830 1106 889 Deus

727 917 832 975 Volens
856 917 998 975 collocare

613 997 615 1002 ’
770 1001 830 1061 Nos
852 1002 882 1060 in
904 1001 1010 1077 plotio.

366 1153 488 1204 Caution.
512 1169 560 1203 ms.
584 1154 657 1203 Petri
679 1153 711 1204 de
733 1153 845 1205 Medicis
868 1150 1020 1217 (Gallicum)
1043 1168 1111 1203 eaeo.
1137 1148 1177 1204 13.
1217 1153 1281 1204 (lod.
1305 1154 1488 1202 Laurentiae.

294 1222 336 1272 Pl.
354 1218 397 1273 29.
418 1220 440 1272 1.
458 1221 489 1270 A.
507 1248 541 1255 -
560 1222 674 1283 Florius,
693 1223 740 1273 Nr.
757 1223 854 1273 XLVI.
873 1224 903 1272 B.
920 1249 954 1258 -
973 1218 1129 1284 (laetorii,
1147 1221 1243 1272 author
1259 1223 1289 1271 B.
1307 1249 1341 1258 -
1359 1217 1489 1272 9Vitam

295 1292 326 1340 B.
344 1315 380 1327 ·-
400 1287 431 1341 12
455 1291 525 1340 Dum
549 1291 584 1339 sit
606 1291 637 1340 A.
655 1291 738 1340 -Iu
759 1291 784 1340 A
806 1290 886 1355 folgt:
912 1286 1046 1356 „Gloria“.
1063 1316 1097 1324 -
1114 1289 1350 1341 Wahrsoheinlieh
1374 1290 1489 1354 Tropus

296 1375 356 1408 uum
374 1358 520 1411 Graduale:
547 1357 674 1422 „Hodie
696 1359 835 1419 scietis,
860 1360 938 1424 quia
955 1360 1253 1410 venieiDominus
1272 1363 1304 1408 et
1323 1357 1491 1409 salvabit

295 1443 369 1489 uos,
393 1432 425 1477 et
450 1442 543 1477 mane
565 1427 733 1479 videbitis
754 1424 900 1493 gloriam
923 1423 1021 1478 eius“.

644 1661 707 1720 418.
734 1661 770 1718 In
789 1661 962 1720 Nativitate
980 1661 1123 1719 Domni..

752 1770 789 1820 Iu
810 1769 1022 1822 Gallicantu.

319 1923 335 1984 1
360 1923 486 1982 Verbum
508 1931 592 1997 pater
613 1924 712 1998 penult
936 1927 975 1987 10
1000 1925 1149 1985 Seminans
1169 1940 1266 1983 semen

403 2009 597 2068 Existentium
823 2029 826 2034 ¹
1000 2010 1198 2072 Permanentis
1209 2015 1275 2085 post
1285 2008 1383 2084 fidem,
1400 2026 1493 2083 spem

402 2095 532 2154 Omnium
1042 2097 1167 2157 Amoris.

403 2180 588 2260 Principium,
1001 2183 1059 2242 Gor
1079 2181 1208 2240 fidelium

317 2268 334 2323 5
358 2265 441 2339 Quod
463 2267 557 2324 induit
1042 2269 1123 2325 Intus
1145 2267 1239 2338 ardet,
1263 2263 1334 2323 ioris

407 2351 565 2425 virginalis
588 2350 682 2410 earnis
705 2356 823 2429 vestem,
937 2355 976 2413 15
1000 2351 1108 2411 Cursus
1130 2351 1192 2410 sitit
1212 2350 1343 2409 bravium

403 2437 577 2495 Medicinam
609 2438 681 2496 dans
709 2436 861 2496 caelestem
1000 2439 1057 2498 Per
1078 2447 1177 2510 patres
1197 2436 1395 2509 credentium3

361 2520 487 2594 Homini,
511 2523 560 2594 qui
582 2522 700 2595 languit.
1042 2522 1137 2581 Labes
1160 2523 1238 2581 cedit
1259 2521 1367 2579 erroris

361 2606 427 2664 Hoe
447 2623 501 2679 per
522 2607 621 2665 orbem
644 2607 740 2665 sonuit
1001 2609 1059 2667 Per
1081 2608 1162 2666 verbi
1185 2606 1362 2681 mysterium.

366 2755 488 2819 Florius,
512 2761 557 2810 Nr.
582 2760 665 2811 LXII.
690 2785 722 2794 —
747 2757 792 2820 10,
818 2758 839 2810 2¹
857 2765 918 2825 post
941 2761 1019 2823 fehlt3
1045 2760 1091 2810 der
1114 2761 1190 2810 Reim
1214 2761 1250 2809 ist
1273 2760 1378 2809 unrein.
1398 2786 1438 2794 —
1461 2758 1494 2811 18

294 2826 375 2876 Pater
400 2827 483 2877 verbi.
511 2853 540 2861 —-
571 2828 712 2878 Vielleieht
733 2830 837 2894 'Propus
864 2845 924 2879 zum
947 2830 1046 2879 Versus
1069 2828 1268 2879 Alleluiatieus:
1298 2828 1494 2892 „Dominus

295 2894 390 2944 dixit
413 2895 453 2944 ad
481 2912 541 2945 me:
566 2897 676 2946 Filius
699 2913 789 2947 meus
814 2914 847 2948 es
871 2902 920 2961 tu3
945 2913 1005 2962 ego
1028 2897 1129 2947 hodie
1150 2893 1254 2962 penui
1275 2891 1336 2947 te“.

651 3132 712 3189 419.
740 3134 776 3188 In
794 3132 965 3190 Nativitate
986 3132 1120 3189 Domini.

755 3238 796 3288 Ad
822 3235 847 3288 3.
871 3240 1019 3289 Missam.

338 3391 353 3450 1
383 3389 455 3450 Vide
476 3392 645 3464 prophetiae
935 3396 973 3456 15
1041 3394 1129 3469 Virga
1151 3365 1260 3452 vemat
1273 3393 1355 3470 flore,

421 3476 522 3535 Finem
545 3478 728 3558 adimpletae,
1040 3479 1128 3553 Virgo
1150 3496 1223 3538 novo
1245 3496 1324 3539 more

378 3561 465 3636 Fugit
488 3563 587 3621 umbra
612 3563 668 3636 die,
1039 3566 1120 3625 Parit
1143 3581 1207 3623 eum
1229 3566 1350 3638 pudore.

420 3647 493 3719 Quia
514 3648 563 3705 lux
586 3650 744 3722 prophetae
997 3649 1091 3709 Solem
1115 3650 1212 3708 sidere

337 3733 355 3790 5
379 3730 534 3803 Progenies
558 3739 601 3790 est
623 3734 745 3795 Mariae.
996 3735 1167 3812 Prooedere,

423 3816 469 3875 Ad
493 3817 599 3876 exitum
622 3819 706 3878 huius
727 3825 821 3880 metae
933 3824 972 3882 20
995 3820 1120 3895 Fulgere

379 3902 514 3959 Tendunt
536 3918 632 3962 omnes
655 3906 728 3965 viae.
1042 3905 1121 3983 Vide,
1146 3905 1226 3964 sidus
1247 3905 1407 3981 singulare,

380 3986 493 4045 Prodiit
515 3990 595 4046 silioe
1039 3991 1130 4049 Tuum
1153 3988 1293 4050 saltatore.
1461 3987 1468 3992 ’

378 4071 466 4142 Fons,
491 4074 546 4131 mel
569 4077 685 4145 cortice,
996 4075 1104 4135 Stellae
1126 4075 1208 4148 siguo
1230 4073 1367 4146 fulgidae,

315 4157 356 4216 10
378 4158 503 4229 Mystico
1038 4161 1120 4232 Quod
1143 4160 1239 4219 radiat
1260 4161 1315 4219 hoo
1336 4178 1431 4237 mare,

423 4242 521 4300 Veline
544 4245 641 4303 madet
662 4261 744 4322 rore;
933 4250 973 4309 25
996 4246 1110 4306 Adride

467 4327 584 4401 Signum
608 4335 652 4388 est
673 4331 793 4406 insigne,
997 4332 1037 4391 Et
1059 4331 1180 4406 confide,

465 4413 564 4473 Rubos
587 4415 671 4473 rubet
692 4415 758 4490 igne
1000 4416 1092 4478 Stella
1113 4417 1249 4490 praeside

421 4498 525 4558 Virens
547 4501 577 4558 in
599 4501 713 4572 rubore,
1000 4502 1081 4560 Viam
1104 4502 1264 4577 prehende,

998 4588 1089 4662 Quam
1111 4587 1233 4661 provide
1339 4673 1344 4684 .
