3409 5384
741 466 972 530 -328-

669 719 731 775 ato.
760 721 795 773 In
814 719 914 775 saneti
932 720 1041 775 Rothi.

290 872 326 939 A.
349 878 452 937 litora
474 878 638 937 Dominam
661 897 719 952 pro
744 879 842 951 ptam
873 895 946 938 sane
967 880 1057 956 dabit,
1087 878 1231 952 quidquid
1252 884 1453 951 optaveram

353 968 379 1022 te
404 964 549 1022 medicam
569 964 668 1023 mitem
688 964 771 1023 nabis
788 966 914 1039 praete,
945 964 1041 1024 tollere
1064 964 1157 1024 clades
1180 971 1206 1024 et
1225 982 1264 1023 ae
1286 965 1457 1025 tardaveris

270 1082 324 1143 la.
354 1075 404 1142 Ab
426 1082 480 1140 hau
503 1080 613 1141 familia
886 1083 942 1143 lb.
970 1085 1011 1145 Ut
1033 1084 1069 1142 ab
1091 1083 1163 1142 urbe
1185 1084 1276 1143 Roma

355 1182 418 1225 cum
440 1168 598 1246 provincia,
969 1174 998 1227 et
1020 1170 1106 1228 Italia

271 1291 325 1349 2a.
355 1287 451 1360 Atque
477 1286 586 1347 Cesena
886 1288 943 1348 21).
969 1289 996 1347 Α
1020 1288 1175 1348 Germania

357 1388 420 1430 oum
444 1374 600 1445 Placentia,
972 1382 1000 1432 et
1023 1376 1190 1435 Constantia

272 1492 327 1552 Sa.
356 1492 400 1549 Tu
422 1492 506 1565 longe
528 1490 623 1551 fecisti
887 1494 941 1555 ab.
969 1493 1096 1566 Diraque
1118 1496 1239 1553 servasti

356 1593 410 1649 per
430 1579 592 1653 praeconia,
970 1580 1145 1653 pestilentia,

687 1698 717 1757 4.
741 1697 830 1756 Sacer
851 1698 958 1775 Bothe,

737 1780 792 1855 iao,
816 1801 835 1841 a
857 1784 950 1845 notis.

341 1952 417 2000 Miss.
443 1950 616 2001 Atrebatense
640 1954 703 2017 imp.
723 1948 886 2017 [Rotomagi]
906 1950 979 2003 1508.
998 1953 1029 2002 A.
1048 1980 1083 1987 -
1101 1954 1175 2003 Misa.
1191 1953 1369 2005 Atrebatense
1394 1956 1463 2019 imp.

272 2014 425 2085 [Rotomagi
445 2016 529 2085 1518].
548 2020 577 2069 B.
597 2049 630 2058 -
648 2022 678 2082 A,
700 2018 711 2069 l
732 2021 850 2071 Exorare
869 2020 923 2071 AB.

638 2256 701 2311 651.
728 2256 764 2311 In
782 2256 883 2313 sanati
902 2256 1086 2312 Sebastiam.

300 2409 338 2475 A.
361 2414 481 2489 martyr
503 2416 619 2494 epreple,
975 2415 1091 2474 Atttaa
1111 2415 1190 2488 fidel,

359 2499 457 2559 Deetts
478 2501 610 2570 militiae,
975 2500 1036 2561 Ora
1057 2507 1162 2561 datum
1183 2500 1251 2574 Dei,

525 2587 563 2646 Ut
584 2590 695 2647 avertat
717 2603 736 2644 a
756 2587 840 2647 aobts
861 2586 1094 2659 indtpaatloaem
1115 2602 1211 2646 suam.

278 2703 332 2762 la.
363 2703 486 2778 Martyr,
511 2704 643 2777 suffragia
893 2704 949 2765 lb.
977 2704 1017 2764 Ut
1039 2704 1182 2776 epidemia

361 2787 485 2847 Effunde
507 2790 565 2862 pia,
975 2789 1041 2847 Non
1065 2790 1103 2847 sit
1124 2790 1209 2847 noxia

278 2912 331 2967 21.
362 2909 397 2967 11
419 2909 473 2966 hae
495 2910 590 2981 patria
892 2909 947 2972 ab.
974 2912 1052 2983 Quae
1074 2908 1204 2967 subsidia

362 2994 422 3052 Aut
443 2995 473 3052 in
495 2995 561 3067 alia,
976 2996 1115 3067 Deposuit
1137 3000 1194 3056 tua.

279 3114 332 3174 Ra.
363 3113 441 3171 Audi
462 3113 532 3171 talia
894 3113 950 3175 ab.
979 3115 1042 3173 Hac
1063 3130 1150 3185 prece
1171 3113 1221 3188 pia

364 3198 408 3256 Tu
430 3200 592 3272 praeconia.
978 3200 1090 3259 Dentur
1112 3199 1249 3273 praemia,

722 3322 751 3379 4.
766 3320 869 3403 Miles,
894 3320 946 3388 eia,

690 3452 691 3455 ,
773 3406 865 3464 nobis.

348 3554 427 3604 Grad.
453 3570 500 3603 ms.
519 3554 720 3620 Salisburgense
739 3570 806 3605 saec.
828 3552 867 3605 15,
903 3556 966 3606 Cod.
984 3555 1168 3606 Vindobonem
1186 3550 1262 3604 3787.
1281 3553 1312 3603 A.
1331 3579 1365 3587 -
1384 3554 1470 3604 miss.

280 3638 328 3672 ms.
348 3623 375 3672 S.
393 3623 465 3673 Petri
485 3624 694 3688 Salisburgensis
713 3626 775 3673 anni
797 3620 870 3673 1603.
889 3624 1028 3689 Appendix
1045 3625 1121 3674 Miss.
1134 3624 1247 3674 Romani
1264 3624 1326 3687 imp.
1338 3623 1472 3672 Venetiis

282 3687 357 3741 1513.
393 3691 456 3741 Cod.
480 3691 579 3740 Petrin.
604 3692 668 3741 sn
688 3688 749 3741 lta.
768 3694 798 3741 B.
818 3718 850 3725 -
870 3693 988 3742 Oration.
1013 3708 1061 3741 ms.
1079 3693 1212 3743 Gallicum
1230 3705 1297 3740 saec.
1320 3687 1359 3739 15.
1398 3690 1470 3739 Cod.

282 3761 368 3823 Capit.
392 3757 551 3823 Strigonien.
576 3762 625 3809 Me.
650 3761 692 3810 III
717 3757 773 3810 176.
792 3762 820 3811 0.
841 3789 872 3797 —
891 3762 965 3811 Mies,
989 3777 1036 3809 ms.
1054 3760 1205 3811 Sunonense
1230 3774 1298 3808 saec.
1320 3756 1359 3807 15.
1398 3757 1472 3809 eod.

281 3828 396 3879 Parisin.
419 3822 476 3877 880.
503 3824 526 3875 2.
545 3828 578 3876 D.
597 3854 630 3862 -
648 3829 722 3877 Miss.
741 3830 882 3880 Brioeense
905 3831 968 3891 imp.
986 3830 1127 3892 Rotomagi
1151 3844 1171 3879 s.
1197 3843 1220 3877 a.
1241 3822 1358 3891 [1502?].
1376 3825 1410 3875 E.
1429 3853 1473 3861 —

282 3899 356 3947 Miss.
381 3894 563 3945 Altrebatense
590 3898 652 3960 imp.
677 3892 839 3963 [Rotomagi]
867 3893 940 3947 1508.
964 3898 993 3946 F.
1017 3923 1051 3931 —
1073 3897 1148 3946 Miss.
1175 3896 1371 3945 Cenomanensa
1398 3897 1471 3959 imp.

282 3964 394 4015 Parisiis
415 3960 487 4013 1517.
506 3963 536 4013 G.
554 3991 588 3999 -
605 3966 679 4014 Mias.
699 3967 867 4031 Lingonense
884 3968 946 4029 imp.
960 3966 1050 4015 Traeis
1070 3962 1144 4015 1521).
1157 3965 1192 4013 H.
1205 3989 1239 3998 -
1251 3965 1325 4012 Miss.
1338 3963 1471 4012 Lausan-

283 4047 364 4083 nense
385 4032 448 4095 imp.
472 4033 596 4096 Lugduni
622 4030 694 4082 1522.
713 4035 734 4083 Ι.
752 4060 785 4068 -
802 4035 878 4083 Misa.
896 4034 1050 4083 Redonense
1071 4036 1133 4097 imp.
1152 4034 1263 4082 Parisiis
1283 4027 1356 4081 1523.
1375 4032 1411 4080 Κ.
1430 4057 1472 4066 -

284 4103 359 4151 Miss.
378 4101 542 4150 Lexoviense
560 4104 622 4165 imp.
641 4104 670 4150 in
687 4103 770 4151 Ponte
788 4102 932 4152 Andomari
953 4099 1026 4151 1547.
1045 4104 1076 4152 L.
1094 4128 1127 4137 -
1145 4102 1220 4151 Miss.
1232 4100 1379 4149 Baiocense
1397 4100 1470 4164 imp.

283 4169 396 4218 Parisiis
417 4164 490 4218 1584.
508 4170 544 4218 M.
562 4196 596 4203 —
613 4171 687 4218 Miss.
705 4170 954 4220 Fontisebraldense
977 4172 1039 4234 imp.
1057 4171 1169 4219 Parisiis
1191 4165 1262 4218 1606.
1282 4168 1314 4216 Ν.
1333 4193 1367 4200 -
1386 4168 1472 4217 Miss.

285 4237 311 4286 S.
339 4236 428 4300 Ruphi
453 4236 593 4287 Valentiae
619 4240 681 4302 imp.
709 4239 848 4288 Valentiae
877 4234 950 4288 1508.
973 4239 1003 4288 Ο.
1028 4264 1062 4273 -
1086 4240 1159 4287 Miss.
1184 4238 1473 4300 caesaraugustanum

284 4307 347 4368 imp.
368 4306 585 4370 Caesaraugustis
607 4302 678 4355 1531.
697 4306 727 4355 P.
746 4334 781 4341 -
798 4307 873 4356 Miss.
891 4308 1039 4357 Romanum
1057 4308 1118 4371 imp.
1137 4305 1260 4371 Lugduni
1277 4299 1351 4352 1535.
1369 4304 1405 4364 Q.

353 4374 389 4434 A,
416 4370 432 4422 2
455 4376 542 4423 Decus
567 4375 683 4424 iustitiae
706 4374 762 4425 ΕΚ.
782 4400 815 4409 —-
838 4376 874 4434 A,
900 4370 916 4424 3
938 4374 1044 4424 Athleta
1069 4375 1120 4423 Dei
1140 4374 1188 4436 11³3
1213 4372 1263 4421 fide
1281 4372 1312 4422 N.
1332 4396 1366 4404 -
1385 4373 1427 4433 A,
1452 4371 1474 4423 4

284 4441 339 4491 Ora
356 4443 407 4492 Dei
432 4446 521 4491 natum
545 4442 587 4490 IP.
607 4470 639 4478 -
663 4443 700 4501 A,
728 4440 798 4495 5Ut
821 4444 935 4508 benigne
959 4448 1061 4493 avertat
1078 4442 1116 4505 A,
1140 4443 1178 4493 Ut
1201 4442 1302 4491 auferat
1321 4440 1352 4501 Q.
1391 4442 1426 4490 Iu
1444 4442 1474 4493 G

285 4511 322 4559 ist
339 4509 410 4560 dieue
423 4510 502 4569 Zeila,
521 4509 620 4559 welche
633 4511 754 4561 siohtlioh
767 4527 814 4561 aus
829 4511 887 4561 dem
901 4511 1067 4561 Offertorium
1082 4504 1329 4575 η1111011111111111.
1343 4508 1390 4557 Nr.
1405 4506 1474 4572 364)

286 4578 405 4629 entlehnt
422 4579 518 4643 warde,
537 4578 618 4628 durch
636 4582 701 4629 zwei
719 4580 851 4631 reimende
869 4581 951 4630 Versa
971 4584 1077 4629 eraetzt:
