3409 5384
754 459 983 523 -200—

351 628 429 694 Trop.
447 642 494 680 ms.
514 629 685 680 Martialense
705 646 772 688 saec.
790 627 852 692 (11.)
872 627 910 679 12.
929 626 991 693 (13.)
1019 631 1082 682 Cod.
1101 633 1215 683 Parisin.
1235 627 1310 681 1139.
1330 656 1364 666 -
1390 625 1445 690 la,
1466 626 1485 680 2

284 696 357 746 dans.
376 723 410 730 -
428 694 478 758 5a,
502 695 517 747 6
542 703 567 747 et
591 713 679 749 amore
702 699 776 748 fehlt.
794 723 827 731 —
847 699 899 750 Str.
926 695 964 748 la
987 701 1023 749 ist
1038 699 1084 749 der
1101 701 1322 766 Mariensequenz
1343 699 1488 764 gleiehen

282 764 416 830 Anfanges
433 761 519 828 (Auel.
539 768 636 831 Hymn.
655 768 719 825 VII,
742 769 787 818 Nr.
810 763 868 827 101)
885 767 1017 827 entlehnt‚
1038 769 1089 818 Str.
1107 766 1124 818 6
1142 769 1201 819 dem
1218 767 1487 832 Martyrerhymnus

287 835 428 898 „Martyr
445 835 506 884 Dei
524 837 582 900 qui
599 832 750 886 unicum“
769 834 856 898 (Auel.
875 837 973 899 Hymn.
990 837 1032 897 11,
1061 838 1106 887 Nr.
1125 833 1173 896 98,
1193 838 1244 887 Str.
1264 834 1351 897 21-
1371 838 1413 886 In
1434 835 1490 886 der

284 901 399 952 Melodie
422 903 459 951 ist
475 919 525 952 nur
545 901 582 952 11
599 906 648 952 mit
667 900 703 953 lb
722 903 846 968 paralle13
875 907 911 953 im
930 905 1041 969 fibrigen
1058 906 1128 971 neigt
1146 906 1218 955 bloss
1236 905 1283 955 der
1299 905 1372 954 Text
1395 907 1490 954 einen

285 971 415 1034 gewissen
426 971 634 1026 Parallelismus,
647 987 701 1022 von
712 972 771 1022 dem
783 987 811 1021 ee
824 971 885 1022 sehr
897 972 1055 1023 zweifelhaft
1067 974 1158 1031 bleibt
1174 976 1208 1024 ob
1221 989 1249 1024 er
1263 973 1311 1023 auf
1320 974 1491 1037 Reehnung

286 1053 340 1088 von
357 1039 469 1088 Absicht
493 1041 555 1090 oder
572 1038 657 1090 anall
677 1041 784 1092 kommt.
809 1068 842 1076 —-
861 1042 916 1090 Der
932 1041 1093 1105 Epiateltext
1110 1043 1146 1091 ist
1158 1041 1248 1105 jener,
1271 1042 1319 1092 der
1337 1040 1493 1092 nunmehr

284 1107 329 1157 bei
346 1109 431 1158 einem
450 1108 590 1158 confessor
608 1125 670 1158 non
687 1109 809 1159 Pontifex
827 1109 973 1174 gebrauoht
989 1109 1063 1160 wird.

668 1377 731 1434 119.
758 1378 794 1433 In
813 1378 912 1434 sancti
931 1378 1061 1434 Nicolal.

401 1555 429 1617 1.
453 1553 568 1612 Laudes
591 1559 709 1612 aeterno
731 1553 809 1628 patri
832 1553 985 1627 genitoque
1007 1568 1132 1624 superno

452 1639 547 1699 Corde
571 1646 657 1700 canat
680 1640 766 1713 digno
789 1639 871 1712 plebs
894 1639 966 1697 haec
987 1640 1138 1710 animoque
1161 1638 1297 1711 beniguo;

452 1724 585 1784 Gaudeat
608 1731 637 1783 et
659 1726 797 1800 gaudeus,
822 1725 943 1782 Nicolao
965 1724 1079 1783 cantica
1100 1725 1227 1795 psallens

453 1809 574 1883 Semper
594 1811 720 1868 laetetur
740 1826 774 1868 ex
798 1809 863 1884 hoc,
886 1810 962 1881 quod
986 1825 1069 1867 sacra
1093 1807 1199 1866 fatetur

534 1931 564 1989 2.
586 1929 686 1988 Lectio
709 1929 777 1986 iibri
799 1928 970 2001 Sapientiae

586 2015 794 2074 Proclamautis
817 2012 966 2086 magnifice

586 2101 630 2157 De
650 2100 737 2158 beato
759 2098 908 2171 pontifice:

535 2223 564 2280 3.
587 2219 669 2295 Ecce,
693 2218 828 2278 sacerdos
851 2234 977 2292 maanus

586 2306 621 2363 In
644 2305 726 2362 bonis
748 2303 967 2378 multiplicibus

587 2390 643 2464 Qui
665 2390 698 2446 in
719 2390 781 2448 sais
804 2389 904 2448 diebus

585 2475 704 2533 Placuit
724 2476 788 2532 Deo
811 2475 840 2532 in
863 2474 1004 2549 omnibus,

533 2596 563 2655 4.
586 2594 781 2654 maecenas
805 2599 845 2653 est
867 2595 962 2654 iustae

590 2678 760 2738 Refovendo
783 2680 939 2738 tribulatos

587 2766 753 2824 Relevaudo
776 2763 945 2837 naufragos3

536 2888 564 2946 5.
587 2885 628 2943 m
650 2885 683 2942 in
705 2887 831 2956 tempore
852 2883 1028 2943 iracundiae

588 2970 710 3028 Amator
728 2970 840 3026 exstitit
862 2968 1043 3036 concordiae,

535 3093 564 3152 6.
587 3089 697 3149 Factae
718 3095 759 3148 est
779 3086 976 3148 reconciliatio

590 3175 761 3233 Miserorum
783 3181 811 3232 et
835 3174 1002 3232 consolatio.

537 3296 565 3355 7.
589 3295 657 3354 Non
679 3299 720 3352 est
740 3295 874 3352 inventas
895 3292 1003 3351 similis
1026 3291 1071 3348 iili

588 3383 614 3438 A
638 3381 840 3438 constitutione
863 3380 979 3449 saeculi,

536 3501 564 3563 8.
590 3500 646 3574 Qni
669 3499 846 3558 conservavit
868 3499 954 3572 tepere
978 3498 1078 3556 excelsi

593 3587 689 3643 Patris
712 3591 740 3642 et
763 3583 814 3642 filii
837 3591 866 3641 et
888 3584 1007 3655 spiritus
1029 3582 1173 3654 paracliti.

323 3705 353 3762 9.
375 3702 446 3763 Idea
468 3704 661 3763 iureiurando
684 3704 752 3776 fecit
773 3703 858 3760 illam
874 3702 1023 3760 Dominae
1046 3717 1169 3759 crescere
1190 3699 1353 3772 inplebant
1371 3717 1486 3778 snam,

439 3788 487 3847 Sic
508 3790 583 3846 enim
605 3790 744 3860 scriptum
767 3794 811 3846 est
832 3804 885 3859 per
907 3786 1087 3859 prophetam.

302 3871 351 3933 10.
374 3873 610 3934 Benedictionem
633 3875 765 3932 ananiam
786 3873 917 3948 centiam
939 3872 1080 3930 dedititii
1101 3871 1257 3946 Dominae,

437 3960 553 4018 Excelsi
576 3960 667 4033 patris
689 3959 774 4029 filius,

301 4042 351 4102 11.
375 4043 637 4106 maecenatem
659 4061 746 4102 snam
768 4042 953 4114 confirmavit
972 4059 1061 4113 saper
1084 4047 1171 4113 capnt
1193 4040 1266 4113 eins,

439 4130 540 4189 Omnia
563 4136 642 4203 gesta
665 4131 744 4190 cuius
767 4129 849 4201 plebs
869 4129 926 4185 ista
947 4133 1078 4184 recenset
1098 4121 1121 4206 [
1148 4171 1153 4183 .
1177 4119 1235 4205 us],

302 4210 351 4275 12.
375 4213 502 4287 Apnaait
524 4233 589 4274 1111
610 4216 642 4272 in
665 4214 909 4273 benedictionibus
931 4213 1002 4280 saia,

440 4301 506 4358 Vita
530 4301 595 4358 dum
619 4315 755 4372 praesens
778 4300 922 4373 vegetavit
944 4300 1004 4356 eius

528 4386 662 4458 Corporis
684 4392 773 4444 artus,

303 4471 352 4529 13.
378 4467 564 4530 Conseraanit
585 4470 629 4527 illi
650 4469 883 4528 misericordiam
905 4484 992 4526 saara

441 4555 580 4630 Eroganti
602 4571 681 4612 suam
704 4555 880 4628 pauperibus
903 4553 1105 4624 substantiam,
