3409 5384
726 536 959 600 -187-

239 708 278 768 2.
310 705 387 766 Cum
410 707 620 781 complerentur
642 709 703 768 dies
724 710 913 784 Pentecoste,

309 791 485 851 Anesteseos
507 800 627 867 percote
649 794 847 868 quinquagena
870 795 918 853 die

308 876 398 937 Sacro
421 878 532 937 dierum
554 895 681 951 numero,

307 963 370 1033 Quo
392 963 455 1038 lege
478 963 510 1022 fit
531 965 671 1037 remissio,

236 1049 278 1108 3.
306 1048 407 1106 Eruet
429 1066 528 1109 ommes
550 1049 688 1123 discipuli
705 1049 821 1122 pariter
843 1049 877 1107 iu
900 1049 997 1108 eodem
1019 1049 1087 1130 ioco,

307 1134 421 1206 Inque
444 1141 489 1192 est
510 1135 627 1194 Domini
649 1137 715 1195 lesu
736 1135 774 1193 ed
799 1136 894 1193 caelos
917 1137 1084 1209 assumptio,

308 1218 482 1293 Congregsti
506 1226 588 1279 erent
611 1236 674 1278 cum
701 1227 791 1278 matre

306 1304 414 1382 Meris,
439 1307 517 1365 clera
539 1306 657 1379 virgine.
779 1357 780 1360 ,

234 1393 276 1452 4.
306 1389 349 1449 Et
370 1390 466 1462 factus
489 1393 529 1450 est
550 1394 664 1464 reperte
686 1391 720 1450 de
742 1389 819 1450 eaelo
842 1407 932 1448 somus

306 1474 468 1534 Vehemens
491 1482 520 1534 et
538 1493 656 1548 magnus

233 1566 275 1625 5.
305 1560 474 1634 Tamquam
515 1562 695 1621 aduenientis
731 1561 854 1633 spiritus
890 1563 1079 1641 vehementis,
1121 1566 1147 1622 et
1181 1563 1299 1637 replevit
1333 1566 1427 1624 totam

394 1646 522 1718 domum,
544 1647 595 1706 ubi
617 1651 702 1706 eraut
722 1647 850 1706 sedentes

306 1731 349 1790 Et
372 1737 570 1805 exspectantes

307 1817 448 1876 Peraeliti
471 1817 563 1876 suncti
586 1818 826 1893 consolationem

236 1904 277 1964 6.
306 1901 351 1960 Et
371 1908 574 1976 apparuerunt
596 1902 655 1962 iilis
678 1902 846 1976 dispertitae
869 1903 987 1977 liupaae
1008 1906 1161 1975 tamquam
1183 1902 1270 1981 ipris,

307 1987 351 2046 Ut
373 1994 469 2045 essent
491 1987 588 2046 verbis
610 1985 715 2060 proflui

306 2072 349 2131 Et
372 2074 491 2132 ceritete
514 2071 629 2146 fervidi,

237 2159 274 2220 7.
307 2157 445 2230 Seditque
467 2175 554 2231 super
572 2159 703 2233 siuauies
725 2175 834 2234 eorum,

306 2244 364 2314 Qui
384 2243 425 2319 ibi
448 2244 642 2304 clausissent
665 2249 784 2317 propter
807 2243 1117 2318 metaplasmorum,

233 2331 273 2391 8.
304 2328 349 2388 Et
369 2329 469 2402 repleti
489 2335 559 2389 suut
580 2347 681 2390 omues
702 2329 810 2402 spiritu
831 2334 943 2401 sancto,

307 2415 489 2474 Procedente
511 2422 633 2489 epatre
656 2420 685 2473 et
707 2419 782 2494 neto,

235 2501 274 2562 9.
306 2499 350 2558 Et
378 2504 531 2572 coeperunt
560 2500 639 2573 loqui
667 2501 759 2560 uariis
790 2501 917 2576 liuauis,
940 2505 1032 2573 prout
1052 2500 1174 2574 spiritus
1195 2503 1314 2559 sauctus
1336 2498 1426 2557 dabat

394 2585 490 2659 eloqui
511 2585 579 2658 illie,

308 2670 366 2742 Qui
387 2671 521 2730 monebat
543 2673 573 2729 in
595 2671 677 2744 ipsis.

315 2838 396 2902 Trop.
422 2853 470 2888 ms.
487 2839 631 2888 Troianum
648 2853 716 2888 saec.
740 2835 779 2888 12.
816 2838 879 2888 Cod.
898 2837 1069 2902 Neapolitan.
1088 2837 1127 2886 VI
1144 2837 1167 2888 G
1185 2833 1227 2887 34.
1245 2862 1280 2870 —
1297 2832 1326 2896 2,
1349 2831 1427 2885 2die

223 2908 319 2960 fehlt.
338 2931 374 2941 ·-
391 2903 414 2967 5,
439 2903 457 2955 4
474 2907 682 2956 consolationem
700 2909 771 2972 piam
788 2904 883 2972 (gegen
900 2906 944 2956 die
960 2903 1115 2969 Assonena).
1132 2931 1166 2939 —
1184 2901 1208 2964 2,
1231 2901 1248 2954 3
1266 2904 1319 2954 und
1336 2901 1354 2954 4
1371 2903 1427 2953 und

224 2980 345 3028 ebenso
370 2971 400 3036 6,
426 2971 443 3024 2
469 2975 524 3024 und
547 2971 563 3025 3
590 2975 649 3025 sind
674 2972 879 3040 Entlehnungen
906 2989 954 3024 aus
980 2975 1040 3024 dem
1062 2973 1278 3038 Pfingsthymnus
1304 2973 1426 3037 „Beata

223 3045 348 3096 nobis
373 3040 514 3109 gaudia“
535 3042 621 3098 thnel.
639 3045 737 3108 Hymn.
756 3045 797 3102 11,
821 3045 867 3094 Νι.
886 3040 936 3100 51).
955 3069 988 3077 -
1002 3043 1055 3092 Die
1072 3041 1176 3106 Epistol
1200 3042 1266 3091 wird
1289 3040 1358 3090 noch
1379 3039 1427 3090 des

225 3115 374 3164 weitsren
386 3113 510 3176 tropiert3
524 3113 588 3163 eber
598 3112 723 3162 wihrend
735 3112 777 3162 bis
790 3128 849 3161 zum
860 3110 1002 3160 Abschnitt
1014 3107 1030 3160 9
1042 3111 1157 3175 Epistol·
1169 3110 1224 3159 und
1235 3110 1426 3174 'I'ropierungs-

222 3186 299 3234 text
326 3179 410 3229 durch
434 3180 486 3231 den
502 3181 578 3230 Reim
595 3177 752 3244 (Assonanz)
769 3180 946 3230 miteinender
967 3179 1120 3230 verbunden
1144 3178 1218 3240 sind,
1243 3177 1357 3228 verlduft
1379 3177 1427 3227 der

226 3253 312 3304 Rest
330 3249 361 3297 in
380 3248 597 3315 vdlligerProsa‚
617 3251 654 3299 ist
671 3249 728 3298 also
746 3250 788 3298 fer
805 3248 848 3298 die
862 3248 1201 3314 Hymnologiehelanglos.
1230 3248 1291 3296 Von
1302 3246 1425 3296 auderem

227 3316 474 3381 Gesiehtspunhte
492 3333 539 3366 aus
555 3317 614 3366 sind
626 3319 785 3367 interessent
797 3317 837 3367 die
852 3315 1078 3382 etymologischen
1089 3317 1248 3381 Deutungen
1256 3315 1302 3365 der
1313 3314 1426 3364 leker-

227 3385 301 3439 und
320 3385 523 3435 Lindemamen
542 3387 623 3436 sowie
641 3385 721 3435 deren
737 3384 874 3451 Epitheta,
891 3385 935 3434 die
952 3385 995 3434 ich
1014 3383 1123 3435 deshelb
1141 3385 1200 3434 hier
1217 3383 1335 3448 beiflige:

313 3475 416 3528 Pomm·
433 3479 556 3544 fugiendo
574 3481 710 3529 vincentes

313 3543 355 3598 Et
372 3543 450 3597 Mede·
468 3547 581 3597 mediam
600 3555 696 3598 terram
714 3548 860 3598 incolentes

314 3613 355 3666 Et
372 3611 402 3664 E
406 3611 514 3666 laetitae
532 3617 571 3665 sic
589 3616 654 3665 dicti
672 3616 705 3666 ab
723 3616 801 3665 Elam
820 3631 868 3664 suo
886 3616 996 3680 antiquo
1013 3616 1182 3679 progenitore

314 3682 355 3734 Et
373 3681 420 3747 qur'
438 3681 565 3734 habitaret
581 3680 818 3747 Mesopotamiam,
839 3684 953 3734 mediam
972 3686 1041 3732 inter
1058 3682 1124 3732 duos
1142 3688 1263 3747 potamos
1282 3715 1391 3732 .....

314 3749 355 3803 Et
372 3749 567 3818 Pamphilam,
586 3757 668 3802 totam
687 3757 809 3812 amatam,
827 3752 931 3802 divitiis
949 3752 1098 3802 affluentem
1118 3787 1124 3798 .
1143 3788 1149 3801 .
1169 3785 1175 3798 .

313 3817 356 3871 Et
373 3816 460 3872 Cretes
479 3821 576 3870 marini
594 3822 617 3871 et
634 3817 740 3871 Arabes
759 3816 898 3883 odoriferi.

227 3923 294 3972 Zur
315 3915 490 3980 Verbindung
507 3915 553 3966 des
571 3915 687 3978 Epistel·
705 3913 758 3963 und
776 3915 1041 3980 'I'ropierungstextes
1060 3912 1142 3962 durch
1160 3913 1204 3962 die
1217 3911 1355 3962 Assonana
1372 3911 1427 3976 vgl.

227 3990 287 4040 Nr.
309 3981 369 4048 394,
387 3979 446 4045 400,
465 3981 516 4035 409
535 3983 590 4033 und
607 3980 667 4033 414.

666 4219 728 4274 eet.
756 4218 791 4272 In
809 4217 1005 4273 Pentecoste.

250 4382 284 4442 1.
313 4376 389 4450 Tibi,
412 4378 501 4452 Deos,
522 4379 576 4437 soli
598 4384 667 4437 nota
875 4379 904 4436 2.
928 4378 1037 4451 Regum
1060 4393 1128 4450 ergo
1149 4381 1252 4438 rexet
1274 4380 1378 4448 rector,

310 4463 482 4522 Famulatur
502 4479 582 4522 mens
605 4465 717 4535 devote,
928 4463 962 4520 In
984 4462 1097 4520 insidiis
1120 4466 1276 4534 protector,

312 4549 364 4626 Te,
389 4565 473 4620 qoem
496 4547 553 4608 fide
575 4550 747 4621 speculetur,
928 4547 1053 4606 Nostrae
1075 4548 1175 4606 landes
1197 4545 1343 4605 servitutis

313 4635 445 4696 Caritate
467 4641 626 4697 veneretur.
927 4633 1029 4692 Deduc
1051 4632 1081 4690 in
1101 4631 1186 4691 finem
1208 4632 1318 4692 solutis.
