3409 5384
759 497 990 560 -338-

662 664 725 723 cat.
752 665 797 721 lie
817 664 927 721 saneta
940 663 1093 721 Barbara.

289 790 342 850 la.
372 787 448 865 Ave,
471 787 611 863 Barbara,
634 788 754 862 insignis
905 787 960 849 lb.
988 787 1100 861 Sponsa
1121 787 1237 866 Christi,
1261 787 1425 847 mediatrix

414 874 483 933 Post
494 873 617 933 Mariam
631 872 684 933 flos
696 872 849 950 virginum,
1031 873 1107 933 Vera
1129 873 1184 933 Dei
1206 873 1418 945 othoninum,

285 997 341 1055 2a.
374 992 538 1067 Martyrum
560 993 744 1067 praeconium
789 1046 792 1053 ,
904 990 960 1055 ib.
988 991 1079 1051 Nobis
1101 993 1131 1051 in
1153 992 1291 1051 auxilium

413 1076 557 1152 virgoque
579 1078 693 1153 decora,
1031 1079 1115 1138 Aesis
1137 1078 1237 1136 mortis
1259 1078 1339 1137 hora.

285 1282 307 1332 Ρ
341 1213 542 1331 11111ῗὲ871188.
565 1211 758 1263 Ambiauenses
784 1228 852 1263 saec.
879 1208 945 1263 ¹⁶lra.
968 1210 1109 1277 Appendix
1126 1211 1202 1261 Miss.
1219 1212 1379 1263 Ambianen.
1408 1213 1489 1277 imp.

309 1296 398 1331 ansus
485 1315 491 1329 .

677 1380 739 1437 078.
767 1381 811 1436 lta
830 1380 937 1436 sancto
955 1377 1074 1437 Blasio.

689 1504 805 1578 Martyr
827 1504 934 1577 gaudet
953 1502 985 1561 in
1009 1502 1109 1563 dolore

689 1588 797 1648 Christi
819 1587 959 1648 ferventis
981 1605 1089 1661 amore,

688 1676 722 1735 lu
746 1674 845 1733 dolore
867 1672 1056 1749 confortatur,

690 1762 724 1819 Iu
746 1776 843 1819 amore
865 1758 1027 1821 reboratur.

333 1920 337 1929 ·
356 1897 431 1946 Mias.
450 1910 498 1945 ms.
518 1894 670 1946 Senonensc
688 1909 756 1945 saec.
777 1890 816 1945 15.
853 1893 918 1946 Ood.
936 1894 1051 1943 Pariaiu.
1069 1889 1129 1945 880.
1147 1890 1170 1943 2.

662 2062 724 2119 ota.
754 2063 798 2118 Dc
817 2064 926 2119 sancto
946 2062 1087 2119 Claudio.

291 2188 484 2259 laturarii
507 2194 622 2246 sauctus
645 2188 683 2245 sit
704 2188 836 2263 nominis,
906 2185 962 2247 lb.
989 2188 1043 2261 Qui
1065 2187 1214 2260 utriusque
1237 2186 1364 2246 hominis

417 2272 526 2331 Mortui
549 2279 701 2347 testantur,
1032 2272 1130 2331 Morte
1151 2270 1334 2332 tenebantur.

644 2395 672 2453 2.
696 2391 770 2450 Nam
794 2391 906 2452 Claudii
928 2391 1039 2451 meritis

742 2476 827 2535 Multi
850 2477 1035 2535 suscitantur.

358 2610 433 2659 Miss.
452 2626 499 2661 seu
518 2612 680 2663 sacrament.
699 2612 840 2661 Anicianae
857 2613 921 2677 imp.
939 2611 1065 2677 Lugduni
1085 2607 1159 2662 1527.
1177 2611 1208 2660 A.
1228 2638 1262 2648 -
1279 2610 1488 2677 1111616130-

289 2694 372 2729 uense
390 2680 452 2743 imp.
470 2680 561 2730 Trecis
583 2677 655 2732 1520.
673 2680 704 2729 B.
1135 2688 1141 2700 ‘

651 2847 714 2903 680.
742 2847 786 2902 lic
806 2847 915 2903 sancto
934 2846 1112 2904 Francisco.

293 2971 346 3031 1a.
381 2969 491 3042 Gaude,
517 2971 636 3029 lucerua
658 2972 812 3050 Minorum,
912 2971 966 3035 lb.
995 2970 1106 3044 Gaude,
1130 2977 1214 3046 pater
1236 2969 1431 3047 paupertatis,

378 3054 468 3115 Sedes
490 3056 520 3113 in
543 3056 757 3129 seraphicomm
993 3057 1075 3115 Assis
1097 3061 1129 3113 tu
1152 3053 1320 3113 consociatis

421 3140 589 3200 Sanctorum
613 3142 743 3216 collegio.
1037 3142 1100 3200 Hoc
1122 3141 1151 3199 iu
1175 3139 1358 3200 monasterio.

292 3263 346 3320 2a.
378 3259 487 3337 Gaude,
511 3261 560 3319 lux
583 3260 762 3336 humilitatis
909 3261 964 3322 ab.
993 3260 1104 3334 Gaude,
1127 3258 1241 3318 flamma
1263 3258 1408 3332 caritatis,

378 3345 440 3417 Qua
462 3362 537 3403 nunc
559 3346 666 3421 gaudes
683 3363 747 3404 oum
763 3347 855 3405 beatis
992 3348 1054 3421 Qua
1075 3346 1153 3404 luces
1176 3361 1240 3403 cum
1263 3344 1417 3404 caelibatis

420 3430 513 3489 Valde
535 3447 636 3505 magno
659 3432 772 3505 gaudio.
1036 3433 1070 3490 In
1091 3430 1165 3489 caeli
1186 3430 1306 3503 palatio.

641 3554 670 3611 3.
694 3552 740 3611 lbi
762 3567 838 3609 nuuc
858 3549 929 3609 felix
952 3551 1070 3611 laetaris

692 3636 762 3711 Fac,
785 3644 817 3694 ut
838 3637 966 3696 locamur
987 3652 1052 3694 cum
1074 3636 1149 3694 caris
1237 3674 1243 3679 -

732 3722 767 3781 Iu
789 3722 908 3780 caelesti
929 3722 1011 3783 solio.

361 3855 437 3905 Miss.
454 3855 703 3905 Fontisebraldenss
721 3858 783 3922 imp.
802 3858 915 3907 Parisiis
934 3853 1009 3907 1606.
1027 3881 1061 3890 -
1078 3851 1104 3916 3,
1124 3853 1137 3904 l
1156 3854 1225 3905 Tibi.

666 4021 728 4079 681.
756 4024 801 4079 lte
819 4024 927 4080 sancto
947 4021 1101 4081 Gabriele.

297 4145 351 4204 la.
382 4144 479 4203 Fortis
502 4161 616 4220 praeco,
912 4148 967 4211 lb.
994 4149 1033 4207 Et
1055 4147 1200 4205 interdum
1257 4211 1263 4227 ,

423 4246 521 4289 omues
544 4234 731 4292 communiter
1038 4234 1180 4293 vincimur
1202 4232 1345 4305 turpiter3

380 4316 585 4389 Impugnamur
898 4328 907 4343 ¹
996 4318 1054 4377 Sed
1076 4319 1144 4377 iuva
1166 4334 1218 4377 nos

422 4400 458 4459 ab
482 4402 563 4459 hoste
586 4400 699 4461 fortiter
1038 4403 1272 4463 misericorditer.

362 4537 437 4586 Miss.
464 4552 510 4585 ms.
541 4536 766 4587 Guillermitarnm
793 4540 984 4589 Parisiensium
1012 4555 1080 4590 saec.
1106 4538 1145 4589 14.
1188 4538 1251 4589 Cod.
1275 4537 1397 4589 Parisiu.
1423 4536 1488 4591 834.

293 4603 325 4654 A.
344 4629 378 4637 -
395 4604 470 4653 Miss.
490 4605 641 4656 Senonenae
659 4608 721 4671 imp.
740 4608 889 4658 Senonibus
910 4605 983 4658 1556.
1003 4609 1032 4657 B.
