3409 5384
808 550 1042 613 -290-

489 724 518 781 2.
541 721 596 791 Qui
618 721 728 778 caelum
750 728 915 795 terramque
937 723 1020 780 simul
1045 737 1097 795 per
1121 723 1218 780 saecla
1239 722 1391 797 gubernat,

540 806 714 878 Praesaepio
737 823 852 881 parvus,
879 808 931 866 sed
955 807 1051 865 sidera
1073 808 1169 866 lumen
1191 808 1324 881 habetur,

608 892 632 939 et
649 885 805 939 adorabunt
822 903 988 942 comumnes
1007 903 1079 955 repes
1097 892 1184 940 tarrae
1202 917 1235 926 -
1254 890 1369 942 servani
1389 890 1421 942 ci.

490 962 520 1019 3.
545 961 600 1018 Per
622 975 704 1031 quem
725 967 827 1019 cuncta
849 962 898 1034 pio
920 977 1034 1033 semper
1056 962 1250 1020 moderamine
1274 978 1385 1032 servas,

468 1043 473 1052 ’
609 1038 695 1103 Deua,
713 1040 846 1093 iudicium
861 1046 937 1094 inum
955 1041 1012 1108 φερε·
1030 1040 1066 1092 dn
1084 1050 1133 1096 etc.

491 1118 521 1174 4.
545 1113 605 1172 Sub
626 1116 721 1172 caruis
744 1117 840 1185 specie
864 1117 930 1173 lesu
953 1116 1083 1174 veniente
1106 1115 1228 1188 benigno

609 1195 765 1261 surripiant
783 1211 843 1248 eum
866 1211 938 1262 repes
957 1201 1050 1259 terrae,

495 1270 523 1326 5.
548 1268 688 1325 Iudicium
711 1277 830 1342 peraget
851 1269 967 1344 iustum,
992 1277 1059 1326 tuuc
1081 1269 1148 1326 ideo
1172 1268 1257 1342 digna

610 1348 711 1401 orielem
728 1349 758 1400 in
776 1347 869 1401 diebus
887 1349 945 1402 eins
964 1349 1072 1401 instilla
1090 1356 1138 1402 eto.

407 1505 488 1570 Trop.
505 1519 554 1555 mn.
573 1505 761 1555 Glaetoniense
777 1509 799 1567 (l
812 1505 1013 1566 Cantruagiense)
1030 1521 1098 1556 saec.
1120 1503 1159 1555 ll.
1178 1522 1217 1554 ex.
1235 1504 1271 1566 (et
1291 1501 1340 1567 12.)
1370 1506 1435 1557 Cod.
1446 1506 1509 1555 Lou-

338 1574 427 1624 dinon.
454 1574 539 1640 Calig.
564 1573 595 1622 Α.
619 1574 689 1623 xlv.
714 1575 745 1622 A.
774 1599 806 1608 -
829 1575 907 1639 Trop.
935 1589 982 1623 ms.
1006 1572 1261 1640 Sammaglorianum
1285 1589 1354 1624 saec.
1380 1572 1421 1625 12.
1452 1572 1508 1624 Ood.

338 1643 454 1693 Parisin.
474 1638 565 1692 18252.
584 1643 614 1691 Β.
634 1668 663 1675 -
685 1639 701 1691 2
719 1643 786 1693 fehlt
802 1644 837 1703 B;
857 1641 881 1700 2,
900 1639 916 1692 2
934 1646 969 1692 ist
987 1644 1111 1708 iibrigens
1131 1641 1356 1694 unverstundlich.

657 1879 720 1933 tta.
747 1879 783 1933 In
800 1878 1040 1935 Resurrectioue
1060 1878 1193 1934 Domini.

496 2039 524 2099 1.
547 2038 643 2096 Morte
666 2038 857 2110 redemptoris
881 2039 947 2095 dnm
971 2038 1086 2096 condita
1108 2052 1236 2109 quaeque
1258 2042 1421 2110 stuperent,

546 2123 623 2180 Rore
646 2123 763 2180 madens
786 2122 856 2192 eius,
880 2123 1041 2195 reparantis
1065 2129 1167 2180 cuncta
1191 2138 1302 2197 cruore,

615 2201 699 2255 Terra
716 2204 824 2256 tremuit
841 2208 866 2256 ei
883 2203 990 2269 quiunt,

497 2280 526 2336 2.
548 2275 693 2334 Faucibus
716 2277 846 2348 anguinis
869 2277 1014 2334 homiuum
1037 2291 1124 2349 genus
1148 2291 1230 2334 omne
1253 2283 1386 2334 voratum

548 2360 671 2419 Sedibus
693 2360 843 2433 astriferis,
869 2363 925 2418 ruit
948 2361 1033 2434 nude,
1056 2362 1168 2419 locatur
1191 2361 1326 2438 amoeniS,

616 2441 682 2494 dacor
699 2447 849 2510 resurgeret
866 2442 897 2493 a'n
914 2441 1016 2495 indicio
1034 2439 1126 2505 Dens,·

497 2518 526 2578 3.
550 2515 614 2585 Eia,
637 2516 828 2588 redemptoris
850 2531 1026 2588 magnaeque
1048 2516 1140 2587 patris
1160 2514 1262 2587 pietati

548 2599 727 2674 Spirituiqne
750 2601 841 2673 probo
862 2601 957 2658 laudis
981 2601 1067 2658 decus
1089 2601 1201 2658 insonet
1224 2599 1320 2660 orbis:

616 2681 745 2735 Alleluia.

500 2758 528 2814 4.
550 2755 612 2812 Iam
637 2772 708 2827 pnro
731 2755 883 2812 Dominum
907 2755 1071 2812 collaudant
1094 2755 1181 2812 corde
1204 2752 1322 2812 fideles:

618 2833 708 2888 Notus
726 2836 757 2886 in
775 2834 882 2887 Iudaea
900 2833 984 2899 Dens,
1003 2835 1035 2887 in
1051 2832 1141 2886 Israel
1158 2849 1286 2900 arupnnm
1303 2847 1407 2886 nomen
1424 2832 1487 2896 eine,

501 2911 531 2967 t.
555 2908 673 2966 Pacifici
695 2910 830 2982 psallant,
854 2925 924 2980 quos
949 2925 1004 2982 pax
1027 2909 1076 2980 pia
1099 2907 1229 2965 Christus
1252 2907 1387 2982 adornat,

619 2993 643 3041 et
660 2989 751 3055 fndus
769 2993 809 3040 ent
826 2989 857 3040 ia
872 3004 940 3054 pace
960 2990 1034 3042 locos
1053 2987 1110 3040 aas
1128 2991 1153 3040 et
1169 2987 1301 3040 habitatio
1320 2987 1382 3040 nus
1400 2987 1432 3038 in
1443 2983 1516 3050 Sion3
1595 3029 1596 3038 ,

500 3064 530 3122 6.
553 3062 713 3120 Ecclesiam
737 3062 875 3120 Dominus
900 3063 1032 3133 diguatus
1055 3061 1149 3118 visere
1172 3067 1301 3118 sanctam

618 3142 658 3195 ibi
676 3143 809 3209 consaepit
822 3143 961 3208 potentias
974 3157 1095 3206 arctoum,
1114 3145 1227 3207 scotum,
1245 3139 1371 3209 gladium
1384 3146 1409 3194 ei
1421 3137 1516 3192 bellium.

415 3300 496 3364 Trop.
514 3313 562 3347 mn.
576 3297 771 3363 Eptemacenne
784 3313 850 3348 saec.
867 3295 906 3348 12.
932 3298 994 3349 (lod.
1008 3298 1123 3347 Parisin.
1137 3293 1228 3347 10510.
1240 3323 1274 3330 -
1287 3293 1311 3356 3,
1330 3293 1346 3345 2
1359 3296 1518 3362 spirituique

349 3369 439 3419 brobo.
464 3394 500 3401 —
522 3367 589 3416 Vere
611 3364 680 3416 4-6
703 3366 791 3416 finden
810 3367 867 3416 sich
886 3367 954 3416 auch
972 3369 1008 3415 im
1026 3366 1106 3430 Trop.
1124 3381 1172 3414 ms.
1192 3366 1380 3416 Wintoniense
1399 3380 1468 3414 saec.
1486 3359 1517 3410 ll.

349 3436 413 3486 Cod.
432 3435 498 3488 (loll.
519 3435 596 3498 Corp.
615 3435 715 3485 Christi
734 3436 934 3499 cantabrigien.
953 3430 1019 3495 473,
1047 3434 1099 3484 und
1118 3435 1155 3482 im
1172 3434 1252 3498 Trop.
1270 3450 1318 3482 ms.
1337 3433 1518 3484 Glastoniense

347 3502 370 3567 (l
388 3501 588 3564 Cantauriense)
610 3519 679 3552 saec
705 3501 734 3552 11
771 3520 812 3553 ex.
829 3505 867 3562 (et
885 3500 935 3564 12.)
971 3503 1034 3553 (lod.
1052 3502 1200 3553 Londinen.
1219 3501 1304 3566 Calig.
1323 3503 1347 3551 A
1365 3502 1447 3562 XIV;
1470 3499 1519 3548 dort

350 3573 389 3622 als
407 3571 548 3625 Abschluls
567 3572 613 3622 des
632 3574 660 3622 in
678 3574 762 3622 Proca
780 3572 945 3637 abgefassten
964 3571 1258 3636 Offertorium⁴Tropus2
1281 3571 1322 3620 Ab
1342 3570 1518 3636 indignatione

350 3648 376 3691 et
394 3643 435 3692 ira
451 3641 548 3691 furoris
567 3641 675 3689 Domini
693 3641 800 3690 Terra
817 3643 962 3689 tremuit
979 3647 1030 3689 etc.
1593 3651 1594 3666 ¹

664 3874 726 3931 5034.
754 3875 789 3930 In
806 3873 1044 3930 Resurrectioue
1062 3873 1194 3929 Domini.

507 4053 535 4112 1.
559 4052 700 4109 Indicium
724 4068 826 4125 magno
848 4058 977 4108 metuens
1000 4065 1139 4108 concussa
1161 4064 1268 4121 pavore

625 4129 711 4183 Terra
728 4132 835 4185 ornauit
852 4136 877 4183 ei
895 4131 993 4196 quieuit

507 4208 537 4266 2.
560 4204 683 4262 Actibus
704 4223 720 4263 a
745 4206 852 4281 pravis,
878 4212 990 4261 sectans
1014 4204 1186 4262 monimenta
1209 4203 1320 4278 salutis,

625 4283 692 4338 dnm
709 4290 858 4354 resurgeret
875 4284 906 4336 in
922 4283 1024 4338 indicna
1042 4283 1128 4348 Dens,

508 4361 539 4419 3.
563 4359 755 4492 Perdflrlgltmzt
777 4360 927 4435 reprobos,
951 4359 1034 4415 mites
1058 4360 1183 4415 salvaret
1205 4364 1237 4413 ut
1258 4372 1368 4432 omnes,

422 4595 502 4659 Trop.
521 4609 568 4643 ms.
587 4592 772 4644 Glastoniense
789 4592 811 4657 (l
828 4592 1031 4656 Cantnariense)
1048 4609 1116 4644 saec.
1137 4591 1176 4644 ll.
1195 4608 1235 4643 ex.
1251 4592 1287 4654 (et
1307 4588 1357 4655 12.)
1384 4591 1448 4643 Cod.
1460 4590 1520 4638 Lon·

350 4663 443 4712 dinen.
462 4662 546 4725 Galig.
566 4662 587 4710 Α
605 4663 677 4710 XIV.
