3409 5384
775 521 1006 584 -188-

675 685 768 741 Lectio
787 693 898 751 annum
915 688 1109 755 apostolorum,

370 760 445 820 Quae
464 759 652 823 promissiones
670 757 719 808 filii
738 773 754 809 a
791 765 847 810 atre
866 759 1023 810 mirabiliter
1042 759 1164 823 impletas
1181 758 1253 809 fideli
1265 759 1387 809 continet
1398 758 1489 808 brevi-

369 831 431 876 tate.
465 821 531 876 (hon
548 823 744 890 complerentur
780 825 817 878 ies
836 823 1010 888 Pentecosten,
1028 828 1108 877 nant
1124 839 1213 878 omnes
1231 822 1363 890 discipali
1376 824 1489 890 pariter

368 893 398 944 t'n
415 890 504 945 eodem
522 892 588 956 loce,
606 897 635 944 iu
653 909 705 959 quo
725 912 771 961 per
788 896 955 946 lacrimosam
975 898 1164 961 paenitentiam
1182 898 1209 945 et
1226 896 1428 946 observantiam
1440 895 1488 944 de·

368 964 456 1029 calogi
479 961 639 1013 christianae
664 967 775 1014 unitatis
800 965 934 1015 stabilitas
958 964 1095 1014 solidatur.
1132 959 1172 1012 et
1195 961 1288 1026 foetos
1313 964 1353 1013 est
1375 965 1489 1027 repente

369 1027 400 1082 de
418 1028 490 1080 coelo
509 1043 594 1082 sonno
605 1058 640 1069 -
652 1028 808 1083 ondioitnns
821 1044 867 1082 eos
880 1030 1016 1097 loquentes
1027 1029 1131 1081 nostris
1144 1028 1250 1096 tinente
1262 1027 1408 1094 mappalia
1421 1026 1487 1081 Dei.

312 1104 340 1164 3.
364 1101 464 1160 Testes
487 1102 567 1160 ducit
591 1101 677 1160 hodie
926 1105 955 1165 4.
979 1102 1028 1162 Sic
1050 1104 1114 1175 lege
1136 1102 1263 1159 institiae

363 1187 498 1246 Inimioos
520 1187 630 1260 gratiae
979 1188 1041 1247 Lex
1064 1187 1279 1246 misericordiae

406 1272 505 1330 Virtus
527 1271 716 1344 admiranda3
1021 1274 1076 1332 Est
1097 1271 1294 1346 glorificanda.

366 1425 443 1490 Trop.
467 1428 494 1474 et
515 1423 589 1474 Pros.
615 1439 662 1473 ms.
687 1424 850 1474 civitatense
875 1439 943 1474 saec.
971 1421 1010 1474 14.
1051 1423 1115 1474 Ood.
1141 1423 1283 1473 Civitates.
1311 1419 1344 1472 56
1368 1419 1433 1484 (20).
1453 1451 1491 1458 —

298 1492 383 1543 Titel:
402 1492 541 1558 „Epistola
558 1495 587 1542 in
606 1492 649 1542 die
668 1497 758 1542 sanc-to
770 1488 968 1543 Pentecosten.“
983 1518 1014 1526 -
1027 1493 1079 1541 Die
1091 1506 1175 1556 ganne
1189 1491 1294 1555 Epistel
1307 1494 1344 1540 ist
1356 1495 1490 1556 tropiert3

299 1561 364 1611 aber
381 1561 529 1626 abgesehen
546 1577 599 1610 von
616 1560 664 1610 der
679 1561 836 1626 Einleitung
853 1561 907 1610 und
925 1560 984 1610 dem
996 1559 1138 1611 Abschluss
1156 1561 1193 1608 ist
1211 1560 1277 1609 alles
1297 1560 1367 1610 ohne
1380 1561 1490 1625 Rhyth-

299 1645 357 1679 mus
371 1629 424 1679 und
434 1628 603 1693 Symmetrie;
616 1629 698 1678 daher
709 1629 778 1680 habe
791 1630 832 1679 ich
843 1644 893 1678 nur
903 1631 962 1679 eiue
971 1629 1057 1679 Probe
1068 1628 1114 1678 der
1123 1628 1293 1693 prosaischeu
1305 1630 1491 1695 Tropierung,

300 1697 343 1748 die
361 1698 558 1762 Aufaugssittze,
577 1698 720 1764 vergelegt

625 1932 687 1988 398.
715 1932 750 1986 Iu
767 1931 968 1987 Dedicatioue
986 1931 1152 1987 Ecclesiae.

603 2093 631 2152 1.
656 2091 702 2148 Ad
729 2090 816 2148 decus
840 2090 979 2149 ecclesiae

655 2176 803 2234 Recitetur
825 2176 912 2233 hodie

466 2254 557 2310 Lectio
576 2255 640 2308 libri
658 2255 843 2324 Apocalypsis
862 2255 933 2308 beati
951 2254 1090 2309 Iohannis
1108 2254 1233 2322 apostoli,

603 2333 632 2389 2.
657 2329 709 2388 Cui
731 2329 860 2387 revelata
882 2336 949 2386 suut

654 2414 772 2472 Secreta
795 2414 939 2474 caelestia.

469 2494 507 2548 In
525 2494 620 2548 diebos
636 2494 692 2547 tote

602 2572 631 2628 3.
655 2568 734 2626 Talis
758 2567 895 2626 divinitus

653 2659 768 2711 ostensa
790 2656 833 2710 est
855 2651 943 2710 visio:

474 2732 538 2786 Vtot
556 2732 686 2786 antonin
703 2737 826 2786 sanctam
843 2730 1003 2796 Ierusalem,
1021 2746 1127 2798 noootn,

601 2809 629 2866 4.
654 2808 732 2877 Quae
755 2806 931 2864 coustmitur
950 2806 981 2864 in
1004 2806 1091 2863 caelis

654 2892 735 2950 Vivis
758 2907 792 2948 ex
815 2890 971 2968 lapidibus,

469 2971 666 3027 descendentem
683 2971 715 3024 de
736 2969 815 3035 coelo,

603 3051 632 3106 5.
655 3045 786 3118 Nuptiali
808 3043 934 3102 thalamo

466 3143 485 3179 o
503 3125 562 3181 Deo
578 3131 708 3194 poncione
726 3125 798 3178 sient
814 3139 944 3191 sponsam
962 3129 1090 3177 oenomn
1106 3124 1166 3178 otro
1183 3137 1234 3176 sno
1259 3151 1261 3156 ,

604 3202 632 3260 6.
657 3199 749 3271 Super
771 3198 861 3256 solem
882 3198 1082 3271 splendidum

424 3250 426 3255 V
467 3285 491 3334 et
509 3279 608 3333 andini
624 3293 710 3334 oooem
725 3293 860 3345 nopnaen,

605 3355 632 3413 7.
654 3353 840 3411 Nuntiantem
863 3348 966 3430 (nova)
988 3350 1102 3425 gaudia,

466 3433 499 3486 ete
516 3433 614 3486 throno
631 3431 771 3486 dicentem:

604 3508 632 3565 8.
656 3506 739 3580 Veni,
765 3505 913 3564 ostendam
936 3503 999 3579 tibi,

468 3601 530 3650 ecoe,
549 3584 755 3639 tobernocnlnne
771 3582 826 3638 Dei
842 3600 904 3639 enen
921 3583 1083 3648 horninibus,

603 3662 632 3719 9.
655 3659 695 3717 Et
716 3659 755 3717 ad
778 3674 840 3716 cum
864 3657 981 3718 venient

655 3745 759 3803 Omnes
782 3749 880 3816 gentes
903 3748 932 3800 et
955 3742 1066 3800 dicent:

655 3828 756 3887 Glon'a
777 3828 839 3901 tibi,
863 3829 995 3891 Domine.

468 3906 506 3961 Et
523 3909 657 3961 habitabit
674 3925 735 3963 cnm
753 3910 790 3962 eis

581 3984 630 4043 10.
654 3982 738 4041 Nunc
760 3990 789 4040 ct
811 3982 841 4040 iu
863 3998 980 4058 aevum3

466 4066 490 4115 et
507 4061 565 4128 ipsi
578 4063 702 4130 populns
720 4062 780 4115 eins
800 4066 888 4125 erunt,

580 4137 628 4198 11.
652 4137 757 4195 Omnes
779 4136 835 4194 Dei
856 4135 949 4208 gratia

654 4221 729 4291 Quos
752 4237 769 4279 a
789 4228 881 4278 morte

657 4306 789 4364 Redemit
811 4311 960 4378 perpetua,

469 4385 569 4452 etipse
587 4384 665 4438 Dens
683 4401 743 4438 cont
760 4385 799 4438 ets
818 4387 869 4438 en't
885 4399 977 4438 coenon
995 4383 1081 4448 Dens,

586 4460 635 4518 12.
657 4459 711 4530 Qui
734 4459 900 4518 moderatur

659 4543 768 4602 Cuncta
791 4551 897 4603 creata.

473 4621 513 4677 Et
530 4622 660 4692 obcaecet
675 4622 751 4676 Dens
769 4639 872 4678 monem
889 4623 1029 4677 lacrimans
1046 4623 1080 4676 ob
1099 4623 1184 4676 ceolis
1201 4636 1302 4686 eornm
