3409 5384
796 559 810 566 -
876 527 930 584 za:
983 557 1013 563 --

697 760 759 815 etc.
789 761 821 814 ln
842 760 943 815 saneti
962 760 1092 816 Nicolal.

420 922 448 983 1.
473 920 615 980 Praesulis
638 915 761 992 insignis
785 921 896 976 Nicolai
920 919 1037 978 vocibus
1059 915 1128 980 altis

469 1006 573 1064 Annua
597 1004 718 1076 pacifice
739 1005 896 1062 iubilentur
917 1007 1039 1080 cantica,
1063 1017 1185 1077 namque

535 1082 638 1137 Statuit
655 1085 680 1138 ei
696 1083 834 1138 Dominus
853 1089 1039 1137 testamentum
1053 1084 1135 1151 pacis

535 1158 559 1205 et
572 1154 727 1220 principem
744 1154 808 1220 fecit
824 1169 893 1217 cam,

420 1230 449 1288 2.
472 1224 577 1286 0tfiei0
600 1227 719 1299 dignum
742 1229 790 1299 qui
813 1230 908 1284 sanxit
931 1227 1073 1300 praesulis
1096 1226 1190 1296 illum,

533 1303 564 1359 at'
581 1308 617 1359 sit
634 1307 676 1358 illi
694 1305 839 1360 sacerdotii
857 1305 987 1374 emeritas,

419 1382 449 1441 3.
471 1381 516 1438 Ac
538 1380 593 1437 sibi
618 1397 670 1452 per
693 1381 812 1440 Petrum
836 1381 977 1439 concessit
999 1381 1035 1438 ab
1059 1382 1141 1438 hoste
1161 1378 1340 1452 triumphum

532 1460 564 1512 in
582 1465 726 1513 aeternum.

378 1599 458 1664 Trop.
478 1616 525 1650 ms.
545 1601 801 1666 Sammagloriauum
820 1617 889 1652 saec.
910 1598 950 1653 12.
986 1601 1049 1652 eod.
1067 1601 1182 1649 Parisin.
1204 1594 1300 1648 13252.

715 1837 778 1890 cle.
805 1837 841 1891 In
860 1835 959 1891 sancti
977 1834 1079 1891 Pauli.

421 1997 451 2054 1.
474 1995 559 2072 Ecce,
585 1993 670 2051 fidem
694 1997 788 2068 magni
812 1996 941 2053 recolens
965 1995 1091 2052 doctoris
1113 1995 1142 2050 in
1166 1992 1236 2051 orbe

470 2080 619 2138 Ecclesiae
643 2081 736 2138 clerus
759 2098 835 2139 nunc
857 2081 917 2138 eius
941 2097 1010 2138 voce
1032 2081 1168 2137 resultet:

535 2157 607 2224 Seio,
626 2160 671 2212 cni
689 2159 797 2224 credidi,
816 2167 840 2214 et
859 2166 947 2213 certas
966 2177 1026 2213 cam

421 2235 449 2293 2.
474 2234 626 2292 Certamen
651 2237 788 2292 certando
813 2236 915 2293 bonum
939 2248 1108 2305 cursumque
1130 2231 1254 2303 fidelem,

537 2314 603 2380 qaia
620 2318 717 2380 potens
735 2319 772 2367 eat
790 2314 943 2382 depositam
961 2329 1048 2366 meam
1066 2327 1172 2366 serrare

422 2390 451 2447 8.
475 2387 507 2444 In
531 2388 603 2445 solio
626 2390 705 2459 regni
730 2389 854 2446 reddens
878 2390 931 2445 hoc
955 2387 1177 2462 centuplicatum

536 2472 566 2520 in
584 2467 661 2519 illam
679 2467 748 2520 ditm
767 2469 859 2521 tastris
877 2469 967 2521 iudea.

381 2607 460 2671 Trop.
484 2622 531 2657 ms.
550 2608 720 2658 Martialense
746 2623 814 2658 saec.
839 2607 879 2658 ll.
924 2609 987 2659 Cod.
1006 2609 1120 2657 Parisin.
1145 2603 1219 2656 1084.
1244 2606 1276 2656 Α.
1294 2631 1328 2640 -
1346 2607 1430 2670 Trop.
1450 2623 1502 2656 ms.

313 2675 484 2725 Martialensc
509 2691 577 2726 saec.
606 2675 643 2726 ll.
669 2680 704 2726 iu.
740 2678 803 2727 Cod.
823 2679 935 2726 Parisin.
963 2674 1037 2726 1121.
1058 2677 1085 2724 Β.
1106 2703 1138 2711 -
1156 2676 1235 2740 Trop.
1253 2691 1301 2724 ms.
1319 2675 1504 2725 Martialense

311 2758 383 2794 naec.
404 2741 442 2793 11.
478 2745 540 2794 Cod.
559 2745 673 2794 Parisin.
692 2742 750 2794 909.
769 2747 797 2795 Ο,
816 2773 850 2778 -
867 2747 947 2810 Trop.
965 2762 1013 2794 ms.
1033 2745 1060 2794 S.
1079 2745 1188 2792 Martini
1206 2744 1407 2793 Lemovicensis
1427 2756 1504 2794 suec.

316 2807 356 2860 ll.
381 2814 415 2861 in.
458 2812 521 2862 Cod.
546 2814 659 2863 Parisin.
686 2810 758 2862 1120.
783 2816 815 2863 D.
842 2841 875 2847 —
898 2815 976 2879 Trop.
1001 2830 1040 2862 ms
1073 2813 1100 2863 S.
1124 2809 1270 2873 Martini(?)
1292 2813 1504 2862 Lemovicensis

314 2894 382 2929 auec.
410 2878 449 2929 11.
494 2882 557 2931 Cod.
583 2883 695 2931 Parisin.
723 2879 781 2931 087.
802 2883 832 2930 Ε.
861 2909 894 2916 -
922 2885 1001 2947 Trop.
1024 2898 1070 2930 ms.
1090 2881 1117 2929 S.
1136 2881 1276 2946 Augustini
1294 2881 1504 2931 Lemovicensis

314 2963 382 2998 saec.
408 2945 448 2997 11.
489 2949 552 3000 Cod.
571 2951 684 2999 Parisin.
713 2947 777 2999 1119
805 2952 832 3000 F.
853 2977 883 2984 -
907 2950 930 3007 1,
958 2948 1108 3013 lMartyrn
1128 2950 1216 3014 magni
1233 2947 1341 3012 Apum
1359 2950 1383 2997 B
1401 2949 1461 2998 und
1480 2951 1506 3000 O

315 3020 403 3067 sctuen
420 3033 453 3066 zu
467 3017 552 3082 „Eece
567 3015 659 3068 fidem“
674 3019 717 3068 die
731 3019 848 3068 llubrik:
867 3020 909 3068 vel
924 3021 1079 3081 Martyrium
1091 3015 1228 3080 (Martyrio
1243 3015 1290 3078 B);
1309 3017 1401 3066 orbem
1413 3018 1453 3067 A.
1466 3043 1504 3052 —

311 3081 331 3134 2
349 3084 425 3165 fidele
443 3086 499 3135 AD.
519 3114 551 3121 -
569 3083 586 3136 3
605 3103 685 3151 regna
708 3089 736 3136 1).

718 3323 780 3377 31ῖ.
810 3324 843 3376 ln
862 3322 962 3377 sancti
980 3321 1081 3376 Pauli.

420 3483 449 3541 1.
472 3482 578 3540 Paulus
601 3481 643 3536 sic
666 3479 743 3537 fatur
766 3483 880 3539 Clu-isto
906 3482 1028 3539 debente
1053 3480 1195 3539 beandus:

537 3561 607 3623 Scin,
627 3562 672 3614 cui
690 3560 801 3625 credidi,
819 3565 843 3612 et
864 3567 950 3613 certos
969 3577 1039 3625 canc,

418 3637 446 3695 2.
472 3635 607 3694 Creditor
630 3644 673 3690 est
696 3652 792 3711 verax,
818 3642 927 3692 certum
950 3651 1033 3708 quem
1056 3649 1170 3705 semper
1193 3631 1304 3690 habebo

537 3715 602 3780 quio
617 3719 714 3780 potens
735 3721 773 3768 est
791 3715 942 3781 depositam
960 3730 1046 3766 meam
1063 3727 1177 3776 screare,

419 3791 448 3847 3.
471 3787 528 3844 Hic
550 3789 620 3845 mihi
644 3791 765 3847 certanti
789 3791 913 3862 palmam
937 3788 1055 3846 donabit
1077 3802 1225 3844 amoenam

426 3916 429 3922 ,
537 3867 568 3920 e'n
587 3867 666 3921 illurn
685 3869 754 3921 dicae
772 3868 863 3921 iustas
881 3867 968 3920 iudea.

386 4007 464 4071 Trop,
484 4023 532 4057 ms.
551 4009 779 4058 Heidenhemense
798 4024 867 4058 saec.
887 4005 926 4056 11.
963 4001 1402 4070 0000101100.8010100102Ί.
1417 4007 1452 4058 Δ.
1469 4035 1509 4043 -

311 4073 394 4140 Trop.
412 4092 459 4124 ms.
473 4077 499 4125 S.
512 4076 614 4125 Amulli
627 4079 754 4126 Metensis
767 4093 834 4127 saec.
851 4074 890 4126 12.
904 4079 939 4125 in.
967 4076 1030 4127 Cod.
1044 4077 1140 4126 Metcn.
1150 4072 1208 4124 452.
1222 4075 1252 4124 Β.
1265 4099 1297 4108 ·-
1307 4068 1462 4137 [Clreditor
1472 4078 1507 4128 A.

724 4312 786 4366 328.
814 4312 848 4364 ln
868 4311 967 4366 sancti
987 4310 1087 4365 Pauli.

424 4472 451 4530 1.
476 4470 589 4529 Caelica
612 4472 761 4543 suspirans
784 4489 834 4529 vas
859 4472 965 4530 Christi
983 4471 1097 4544 gaudia,
1123 4470 1237 4545 Paulus,

391 4569 394 4578 ’
471 4549 597 4629 Optchat
621 4556 752 4628 fragilem
775 4573 889 4614 carnem
913 4557 1057 4629 deponere
1080 4557 1196 4617 dicens:

539 4633 608 4700 Scin,
628 4637 674 4691 cai
692 4635 801 4699 credidi,
820 4642 843 4688 et
862 4643 949 4689 certas
968 4651 1036 4698 sam,
