3409 5384
769 528 1002 590 -324-

297 708 352 768 Sa.
383 705 424 765 Ut
446 710 512 778 post
534 704 665 763 exsilium
916 700 971 761 ab.
999 699 1073 758 Sede
1095 698 1223 757 fidelium

425 791 486 849 Nos
508 790 537 849 in
559 790 683 863 gloriosa
1042 787 1101 843 Per
1122 791 1208 857 tuum,
1232 783 1338 859 Maria,

695 909 724 970 4.
749 907 839 967 Sistat
862 905 1009 968 auxilium.

365 1046 439 1095 Miss.
458 1045 603 1094 Baiocense
622 1044 685 1108 imp.
703 1041 863 1107 Roihomagi
882 1037 957 1091 1545.
977 1066 1007 1074 -
1029 1035 1237 1104 „offertorium“.

678 1210 740 1265 669.
767 1210 811 1265 lla
830 1208 929 1263 Beata
947 1205 1046 1261 illaria
1064 1208 1100 1263 V.

297 1340 352 1398 la.
383 1336 480 1413 Virgo,
503 1334 611 1394 flebilia
914 1333 969 1394 lb.
998 1332 1060 1392 Hac
1082 1334 1112 1391 in
1135 1330 1245 1391 familia

425 1422 502 1479 (lura
524 1422 595 1479 vitia
1039 1418 1225 1492 Multiplicia.

296 1545 352 1602 2a.
382 1540 550 1617 Placabilia,
891 1538 968 1598 ab.
996 1538 1041 1596 Da
1064 1535 1179 1611 fragilia

424 1625 562 1705 propitia,
779 1660 780 1663 =
1040 1622 1173 1682 Servitia.

297 1750 351 1809 3a.
385 1746 440 1805 Per
459 1745 530 1803 haec
552 1744 671 1802 humilia
914 1742 971 1804 3b.
999 1742 1199 1815 Acceptabilia

427 1830 491 1889 Sint
512 1828 608 1889 officia
1042 1825 1199 1899 sacrificia,

696 1918 725 1977 4.
750 1914 838 1997 Virgo
859 1913 965 1986 Maria,

747 2016 766 2057 a
777 1999 881 2077 mobis.

364 2139 444 2202 Trop.
463 2153 510 2185 ms.
528 2136 671 2186 Diessense
690 2150 757 2186 saec.
779 2132 818 2185 14.
854 2135 920 2185 clm.
939 2136 1077 2184 Monaean.
1096 2130 1171 2184 5539.
1189 2160 1223 2167 —
1240 2130 1266 2195 4,
1285 2130 1302 2183 2
1320 2147 1336 2183 a
1355 2132 1440 2182 fehlt.
1460 2158 1494 2168 -

296 2207 380 2257 Titel:
400 2200 588 2271 „Recordare“.

675 2302 737 2360 646.
765 2304 810 2358 lla
828 2303 928 2358 Beata
946 2302 1047 2358 Maria
1065 2303 1101 2358 V.

298 2431 351 2491 la.
382 2432 454 2507 Ave,
478 2429 583 2504 Maria,
914 2428 970 2489 lb.
999 2429 1071 2497 Ave,
1096 2432 1128 2483 tu
1150 2426 1238 2504 virga,

382 2531 434 2573 nos
455 2515 505 2589 pia
527 2525 613 2591 sana3
999 2528 1127 2585 expurga
1149 2528 1231 2569 vana.

296 2638 351 2695 26.
382 2634 454 2709 Ave,
477 2630 602 2691 formosa
913 2630 970 2692 ab.
997 2631 1070 2705 Ave,
1093 2646 1203 2689 annosa

424 2718 502 2777 Rosa
525 2717 562 2776 de
584 2717 676 2790 spina,
1041 2715 1131 2775 Glosa
1153 2713 1260 2778 divina.

297 2840 351 2898 3a.
380 2839 454 2916 Ave,
477 2838 615 2896 virtutum
913 2836 969 2898 ab.
996 2837 1070 2909 Ave,
1094 2835 1269 2907 complutum

383 2923 428 2982 Tu
450 2928 569 2994 scutum,
739 2932 741 2937 ’
997 2923 1057 2981 Vas
1079 2925 1181 2994 tutum,

422 3008 546 3085 Regina;
1040 3006 1155 3066 Resina.

693 3128 722 3189 4.
744 3127 818 3199 Ave,
842 3127 949 3204 regina,

747 3212 807 3269 Nos
829 3228 914 3272 serva
936 3229 953 3269 a
976 3212 1067 3271 ruina.

364 3348 485 3399 Oaniion.
504 3362 552 3396 ms.
565 3348 723 3397 Secoviense
740 3350 803 3397 anni
824 3343 898 3397 1345.
927 3347 991 3397 Cod.
1009 3346 1135 3397 Graecen.
1155 3342 1229 3396 1345.
1248 3371 1278 3380 —
1294 3335 1489 3397 Uberaehrist:

297 3418 398 3484 „Super
416 3416 583 3467 offertorium
600 3411 795 3481 Recor[dare]“.

674 3581 736 3643 641.
764 3583 809 3638 lla
827 3582 927 3638 Beata
945 3580 1045 3637 illaria
1062 3582 1098 3637 l.

297 3710 351 3769 la.
381 3701 456 3782 Ave,
479 3712 510 3764 tu
532 3723 607 3779 rosa,
914 3706 968 3767 lb.
997 3695 1188 3784 ogenerosa,

425 3792 513 3866 Virgo
535 3792 638 3870 Maria,
1041 3792 1173 3851 Clemens
1196 3796 1225 3848 ei
1246 3792 1296 3864 pia

297 3915 351 3973 2a.
382 3911 478 3984 virgo,
504 3912 541 3970 da
562 3912 644 3970 nobis
912 3911 968 3971 2b.
994 3912 1090 3983 Atque
1112 3910 1230 3969 caelesti

381 3996 424 4054 uti
446 3998 547 4070 sophia
997 3994 1055 4053 frui
1076 3997 1178 4073 gratia,

298 4120 352 4178 3a.
383 4116 423 4173 Et
444 4122 475 4172 tu
497 4116 605 4187 repelle
912 4115 967 4175 ab.
993 4115 1034 4175 Ut
1056 4121 1085 4172 ta
1106 4115 1255 4173 laudemus

379 4207 479 4259 nostra
500 4201 579 4278 vitia,
997 4216 1061 4257 eum
1083 4201 1216 4259 melodia.

694 4291 723 4347 4.
747 4285 835 4358 Virgo
858 4286 964 4360 Maria,

748 4371 785 4429 da
807 4371 914 4444 gaudia
934 4372 1028 4430 nobis.

365 4504 442 4556 Grati.
469 4522 517 4555 ms.
542 4504 716 4556 Boeholianse
741 4520 808 4555 saec.
830 4502 869 4557 15.
905 4502 970 4557 eod.
988 4508 1141 4557 Bocholten.
1165 4503 1230 4556 L6.
1249 4506 1282 4556 A.
1300 4531 1336 4540 —
1354 4506 1489 4558 cantion.

297 4590 344 4624 ms.
363 4574 571 4639 vissegradense
593 4589 660 4625 saec.
682 4572 722 4625 15.
741 4575 821 4625 veod.
841 4576 928 4640 Capit.
946 4576 1130 4640 Vissegraden.
1150 4577 1173 4625 V
1192 4575 1232 4625 Cc'
1245 4594 1269 4639 η.
1286 4575 1317 4625 Β.
1336 4599 1372 4609 -
1393 4573 1446 4638 lb,
1475 4575 1489 4628 l

297 4643 338 4691 Tu
357 4658 485 4708 generosa
502 4644 532 4693 B.
551 4670 585 4679 -
604 4640 643 4693 2a
660 4643 713 4693 und
732 4639 771 4693 26
789 4644 881 4693 lauien
899 4645 928 4692 in
946 4645 981 4693 B:
