3409 5384
694 535 841 598 -365
889 571 928 581 -

588 783 656 878 773.
676 822 721 877 Ile
740 824 847 878 sancto
870 804 1044 880 Leonartio.

207 999 263 1059 la.
298 997 488 1056 Leonardum
510 1014 586 1055 nunc
607 998 766 1075 laudemus,
814 999 892 1060 '1b.
920 1000 1034 1058 Montes
1056 1005 1169 1058 nostras
1191 1000 1344 1074 elevemus,

299 1081 478 1155 Suffragium
501 1084 687 1160 postulemus,
922 1085 1019 1170 Corda
1040 1090 1140 1143 nostra
1161 1085 1328 1143 roboremus

351 1170 491 1230 Canamus
513 1185 589 1227 nunc
610 1169 745 1228 Alleluia.
964 1171 1012 1229 Ad
1033 1171 1206 1230 cantandum
1228 1171 1364 1234 Alleluia.

205 1308 263 1365 ha.
300 1304 362 1364 Oui
385 1302 492 1362 ferrum
515 1304 671 1377 oboedivit,
838 1305 896 1366 ab.
921 1306 961 1365 llt
984 1312 1017 1364 ut
1038 1306 1133 1365 solvat
1154 1323 1205 1364 nos
1227 1306 1342 1380 ligator,

299 1389 429 1449 (latenas
452 1390 556 1448 multas
579 1391 724 1463 contrivit,
922 1392 979 1449 Det
1002 1407 1116 1464 semper
1138 1408 1200 1450 esse
1222 1397 1348 1464 paratos,

350 1475 541 1534 Decantemus
564 1476 700 1539 Alleluia.
883 1518 887 1523 ·
937 1481 940 1486 '
965 1477 1006 1536 Ut
1027 1484 1174 1537 cantemus
1197 1477 1333 1539 Alleluia.

276 1644 364 1695 Miss.
383 1643 631 1695 Fontisebralrlense
649 1646 712 1710 imp.
730 1645 844 1695 Parisiis
864 1641 938 1696 1606.

553 1912 613 1970 774.
642 1914 853 1971 homiliaria
871 1915 1062 1983 lllagllalena.

219 2094 247 2151 1.
273 2092 357 2166 Ave,
380 2089 457 2147 vitiis
480 2095 611 2163 purgata,
845 2094 873 2151 2.
897 2091 920 2149 0
943 2090 1029 2149 beata
1048 2092 1230 2170 Magdalena,

272 2178 358 2251 Ave,
381 2175 442 2234 Deo
465 2172 542 2233 facta
564 2184 655 2250 grata,
898 2175 1000 2234 Gratia
1023 2177 1120 2235 divina
1142 2177 1236 2251 plena,

290 2320 294 2326 ,
324 2260 408 2333 Roga
431 2266 509 2319 tuum
531 2267 697 2336 amatorem,
940 2261 1028 2320 Festa
1050 2268 1100 2321 tua
1122 2262 1302 2320 celebrantes

325 2345 809 2420 IesumChristum,redemptorem,
937 2347 1039 2405 Redde
1061 2348 1103 2405 tui
1126 2353 1155 2405 et
1177 2345 1330 2425 ferventes,

371 2432 410 2493 Ut
434 2431 583 2489 criminum
607 2432 656 2490 det
670 2433 782 2490 veniam
983 2432 1023 2491 Ut
1053 2433 1165 2504 possint
1190 2434 1252 2491 sine
1273 2432 1395 2490 termino

370 2515 460 2574 Nobis
483 2518 520 2575 ad
544 2517 615 2575 caeli
636 2518 767 2591 gloriam.
983 2518 1098 2576 Laudes
1126 2516 1236 2577 referre
1261 2518 1394 2580 Domino.

281 2686 365 2736 Miss.
383 2685 630 2737 Fontisebraldense
648 2689 709 2751 imp.
728 2687 840 2737 Parisiis
862 2682 934 2737 1606.
952 2712 987 2721 -
1004 2684 1030 2750 2,
1046 2685 1064 2737 4
1081 2687 1171 2739 Redde
1188 2692 1243 2737 tuo.

599 2955 660 3012 tto.
690 2957 735 3010 lle
753 2957 863 3011 sancta
880 2955 1015 3012 Martha.

511 3130 526 3191 1
552 3131 576 3190 0
598 3148 683 3205 qoam
706 3131 798 3189 dulcis
821 3138 850 3188 et
872 3148 957 3203 quam
979 3133 1028 3203 pia

595 3222 638 3274 est
661 3217 769 3276 Christi
791 3217 950 3290 clementia,

552 3302 606 3372 Qui
629 3318 682 3373 pro
705 3302 839 3360 Marthae
861 3311 889 3359 et
911 3302 1023 3360 Mariae

594 3404 722 3445 sororum
745 3388 883 3445 instantia

510 3476 526 3533 5
550 3471 692 3531 Lazarum
716 3473 898 3531 resuscitavit

593 3574 610 3615 a
632 3558 732 3615 mortis
753 3560 894 3631 angustia.

282 3728 365 3778 Brev.
382 3725 572 3791 Andegavense
590 3728 653 3791 imp.
670 3727 782 3776 Parisiis
803 3723 876 3776 1551.
889 3754 922 3761 —
933 3724 975 3787 (In
993 3726 1039 3776 der
1056 3727 1143 3777 Messe
1161 3727 1207 3778 der
1224 3727 1261 3777 hl.
1272 3726 1394 3792 Martha).

580 3997 641 4054 776.
669 3997 713 4052 llo
733 3998 840 4053 sancto
861 3996 1028 4055 llaturino.

213 4177 269 4238 1a.
302 4172 410 4232 Beatus
432 4173 604 4245 Matutinus,
832 4174 884 4234 1b.
906 4139 1038 4233 Praestat
1061 4174 1148 4232 cibus
1164 4174 1287 4250 potinus,

348 4258 401 4317 Cui
421 4260 505 4317 modo
529 4259 709 4317 consolamen
948 4259 1063 4317 Fundat
1073 4276 1125 4331 pro
1135 4260 1217 4317 nobis
1230 4275 1393 4341 precamen,

201 4400 268 4458 ¹2a.
302 4395 368 4455 Hoc
389 4401 420 4455 ut
442 4394 548 4453 mundo
832 4396 886 4455 ab.
907 4398 946 4454 Et
968 4393 1065 4454 futoro

346 4479 393 4553 pie
415 4481 542 4538 vivamus
949 4497 1050 4553 paoem
1073 4482 1210 4555 legamus,

282 4650 359 4699 Miss.
378 4649 570 4714 Rotomagense
588 4649 649 4715 imp.
669 4651 780 4700 Parisiis
801 4647 875 4700 1527.
896 4676 927 4684 —
947 4647 992 4710 lb,
1014 4647 1026 4700 1
1046 4651 1334 4715 polinus=caelestis
