3409 5384
772 451 1030 547 '-1aa-

435 656 464 714 5.
485 652 561 712 Hinc
583 670 743 712 memorans
766 657 916 728 psalmista
937 656 992 715 Dei
1014 658 1158 729 magnalia
1180 656 1266 714 dicit:

548 733 755 789 Miseneatdtas
777 736 892 790 Domini
910 737 941 789 in
959 741 1097 789 aeternnm
1114 736 1230 791 cantabo
1248 745 1297 790 ete.

434 811 462 868 6.
488 808 607 880 Pangite
629 825 713 886 nune,
736 811 816 880 socii,
840 811 941 868 laudes
963 825 1090 868 summae
1112 810 1234 883 Deitati,

483 893 561 964 Quae
584 900 665 952 tanta
688 911 775 966 super
796 902 876 953 astra
898 911 963 953 suos
985 895 1121 954 sublimat
1143 896 1267 953 honore:

546 971 644 1026 Gloria
658 976 736 1041 patri
754 981 778 1028 et
795 975 850 1042 tilia
869 980 893 1027 et
911 976 1025 1042 spintni
1042 980 1138 1030 saneta
1155 983 1204 1029 ete.

434 1048 461 1106 7.
486 1046 584 1104 Divini
607 1045 701 1104 iuerat
725 1050 856 1120 quoniam
881 1047 1003 1106 fervoris
1026 1057 1146 1121 amator,

547 1127 653 1179 Statuit
670 1129 694 1179 ei
712 1126 852 1182 Dominus
870 1133 1056 1181 testamentum
1069 1130 1151 1196 pam's
1170 1138 1218 1181 ete.

392 1285 470 1349 Trop.
489 1299 536 1334 ms.
551 1285 723 1348 Sangallense
743 1300 810 1335 saec.
831 1282 871 1335 10.
898 1286 961 1336 eod.
975 1286 1125 1352 Sangallen.
1144 1283 1202 1337 378.
1216 1288 1274 1337 add.
1287 1302 1356 1337 saec.
1372 1283 1412 1336 13.
1424 1288 1457 1336 A,
1472 1313 1507 1322 -

323 1355 402 1417 Trop.
422 1369 470 1402 ms.
484 1352 657 1417 Sangallense
676 1368 743 1406 saec.
764 1351 804 1405 11.
822 1355 858 1403 in.
888 1355 950 1404 Cod.
965 1354 1116 1419 Sangallen.
1134 1351 1193 1405 381.
1212 1356 1270 1406 add.
1289 1370 1356 1406 saec.
1372 1351 1412 1405 13.
1424 1356 1458 1406 Β.
1471 1382 1507 1391 -

324 1422 403 1486 Trop.
422 1437 470 1470 ms.
489 1421 662 1484 Sangallense
680 1437 748 1473 saer..
770 1419 808 1472 11.
845 1423 908 1472 Cod.
927 1424 1078 1487 Sangallen.
1097 1420 1156 1474 3811
1175 1424 1233 1473 add.
1252 1438 1320 1474 saec.
1339 1420 1407 1473 ¹²lra.
1426 1422 1457 1475 Ο.
1471 1454 1506 1461 -

323 1490 402 1554 Trop.
421 1505 469 1539 ms.
489 1489 661 1553 Sangallense
680 1505 747 1540 saec.
765 1488 806 1550 (ll
828 1492 864 1552 et)
882 1488 921 1541 13.
940 1493 973 1541 D.
994 1517 1025 1525 -
1046 1488 1072 1549 l,
1090 1488 1107 1542 3
1125 1494 1161 1541 ist
1178 1493 1364 1542 trauskribiert
1382 1494 1411 1541 in
1429 1493 1506 1543 allen

322 1560 379 1608 vier
397 1557 522 1618 Quellen:
548 1559 586 1622 „0
605 1557 721 1608 lie-rens
745 1559 809 1608 irata
826 1562 867 1609 tin
885 1561 959 1609 taxiu
975 1560 1184 1611 Melchisedeeh“
1203 1561 1258 1623 (etr.
1277 1560 1453 1627 Anmerkuug
1471 1579 1506 1611 zu

324 1628 370 1676 Nr.
389 1621 455 1690 377).
474 1651 507 1660 -
525 1624 541 1675 4
559 1641 703 1676 memorare
722 1643 827 1677 suorum
847 1629 939 1679 A-D.
957 1655 991 1662 —
1009 1631 1064 1679 Das
1081 1629 1172 1680 Ganue
1189 1631 1225 1678 ist
1242 1631 1284 1680 eiu
1303 1629 1385 1679 Cento
1404 1629 1506 1680 relativ

320 1695 582 1813 jfifflgexffenfflmms'
601 1711 676 1744 wazu
694 1711 754 1745 man
773 1697 825 1762 vgl.
839 1698 885 1746 Nr.
903 1693 961 1756 297,
982 1699 1047 1747 Veis
1066 1695 1081 1746 5
1100 1713 1170 1763 sqq.;
1189 1699 1234 1748 Nr.
1253 1694 1311 1759 305,
1329 1699 1397 1748 Vers
1419 1696 1431 1747 1
1453 1715 1504 1762 sq.,

323 1779 357 1812 un
393 1778 438 1812 rr.
510 1801 515 1813 .

720 1929 783 1985 344.
810 1932 845 1984 In
864 1931 964 1986 saneti
982 1931 1095 1989 Rufini.

427 2091 455 2149 1.
478 2082 536 2156 (Ως
558 2082 602 2163 εἴη
625 2081 719 2162 ἱερεὺς
741 2085 819 2144 κατὰ
842 2086 896 2163 τὴν
918 2084 1002 2157 τάξιν
1024 2085 1223 2163 Μελχισεδέκ,

543 2167 580 2221 Oe
598 2169 667 2222 tnata'
684 2167 856 2222 meditabitur
873 2170 1046 2236 sapientiam,

429 2245 458 2303 2.
482 2241 602 2302 Rufinus
624 2243 688 2302 iure
710 2243 815 2300 meruit
836 2245 903 2315 quia
925 2244 1031 2315 gaudia
1053 2242 1141 2314 vitae,
1196 2258 1199 2263 ’

537 2326 561 2374 et
579 2322 675 2390 limana
693 2322 751 2374 etna
769 2321 894 2389 loquetae
910 2321 1058 2385 indiciam·

426 2399 455 2458 3.
479 2398 512 2455 ln
535 2412 590 2467 quo
613 2397 768 2470 gaudebat,
792 2413 875 2468 quem
897 2402 958 2453 tota
980 2403 1074 2453 mente
1098 2396 1226 2469 tenebat,

538 2477 581 2528 len
599 2474 654 2528 Det
671 2477 728 2528 eins
746 2476 777 2527 in
796 2475 875 2530 carde
891 2476 990 2542 ipsias.

425 2553 454 2609 4.
478 2550 550 2608 Iade
573 2555 602 2606 et
622 2550 791 2621 psalmistae
815 2547 947 2626 [verbum
970 2551 1117 2622 sapienter
1138 2550 1303 2622 adimplens

472 2634 645 2707 Obsequitur
668 2635 729 2708 regi
750 2635 803 2692 teli
825 2651 877 2693 nas
900 2651 969 2693 vace
992 2628 1151 2714 mouenti]:

536 2713 604 2767 Noli
621 2715 755 2767 aemnlam'
772 2716 802 2766 tn
820 2715 1035 2782 maliqnantibns
1054 2724 1102 2768 ete.

423 2791 450 2848 5.
476 2786 534 2847 Nos
556 2789 634 2846 iuvet
657 2788 703 2845 hic
725 2796 853 2863 sanctus,
876 2790 960 2846 modu
982 2789 1030 2861 qui
1053 2805 1139 2864 super
1161 2795 1240 2846 astra
1261 2787 1376 2848 levatus

541 2874 621 2930 Inter
644 2873 798 2935 caelicolas
820 2874 926 2949 ingiter
947 2874 1028 2932 audit
1049 2875 1138 2935 udas:
1429 2871 1436 2886 ‘

536 2951 633 3005 Gloria
647 2954 726 3019 patri
743 2959 766 3007 et
783 2954 840 3021 illia
858 2958 881 3006 et
899 2953 1011 3020 spiritui
1029 2958 1123 3006 saneto
1142 2961 1191 3006 ete.

423 3030 452 3087 6.
475 3027 530 3103 Eu,
554 3027 667 3102 iterum,
692 3035 802 3098 cantur,
826 3027 876 3100 qui
898 3037 957 3086 stas
980 3029 1065 3085 modo
1087 3027 1222 3084 carminis
1244 3032 1355 3100 auctor,

471 3111 636 3170 Dulcisouis
659 3109 784 3173 modulis
806 3113 966 3185 primordia
989 3113 1077 3170 dicito
1099 3108 1212 3173 laudis:

536 3191 573 3244 Os
591 3191 661 3244 inuti
677 3191 852 3262 meditabitur
870 3193 1036 3260 sapientiam
1055 3202 1104 3245 etc.

381 3332 460 3396 Trop.
485 3346 532 3380 ms.
553 3332 579 3382 S.
598 3332 734 3382 Benedicti
752 3333 891 3381 Mantuani
916 3347 983 3382 saec.
1004 3331 1044 3381 11.
1080 3332 1144 3382 Cod.
1162 3333 1248 3397 Capit.
1266 3331 1397 3380 Veroneu.
1418 3330 1499 3381 cvn

312 3396 389 3462 (100).
415 3425 449 3435 -
478 3397 490 3449 1
515 3401 551 3449 ist
573 3402 601 3449 in
624 3399 670 3448 der
693 3401 742 3449 Hs.
767 3400 823 3449 also
847 3400 1044 3451 trauskribiert:
1075 3402 1127 3464 „Os
1148 3415 1241 3464 gerens
1264 3399 1328 3448 kata
1350 3400 1392 3447 tin
1417 3401 1499 3448 taxin

312 3468 506 3518 Melchisedech
523 3469 578 3529 (cfr.
597 3469 642 3517 Nr.
661 3465 712 3518 343
730 3468 784 3517 und
802 3469 834 3518 de
853 3470 991 3521 Communi
1010 3469 1085 3519 Cani.
1103 3468 1200 3520 Pontii.
1213 3470 1259 3518 Nr.
1277 3463 1344 3525 377).
1365 3493 1398 3502 -
1417 3464 1435 3517 4
1454 3483 1499 3532 sq.

312 3537 348 3586 ist
374 3537 481 3601 enganni
505 3551 552 3585 aus
577 3537 622 3586 Nr.
645 3533 708 3595 216,
737 3537 803 3585 Vers
827 3535 845 3586 4
868 3552 907 3602 sq.
931 3563 965 3570 -
988 3539 1042 3587 Der
1064 3539 1247 3588 Introitustext
1270 3535 1411 3586 verbindet
1436 3537 1498 3585 sich

312 3603 429 3655 schlecht
451 3606 500 3654 mit
524 3606 590 3654 Vers
614 3602 630 3653 2
652 3605 705 3653 und
730 3602 758 3668 33
783 3605 874 3655 besser
896 3606 985 3655 wiirde
1003 3606 1049 3655 der
1066 3607 1193 3656 introitus
1213 3606 1317 3668 „Iustus
1335 3608 1366 3652 ut
1384 3602 1495 3668 palma“

311 3689 415 3738 passeu.

610 3839 672 3895 345.
700 3840 735 3893 ln
754 3854 795 3895 ss.
816 3839 933 3896 Seuesii
952 3841 983 3895 et
1001 3839 1185 3909 Theauuutl.

420 4000 449 4061 1.
473 4001 616 4070 Sanguine
638 3995 746 4060 sacrati
769 3999 886 4072 Christi,
909 4016 1020 4072 quoque
1041 4005 1133 4057 morte
1155 3993 1297 4070 redempti

532 4077 707 4132 Gaudeamus
726 4093 816 4132 omnes
834 4079 865 4130 tn
882 4079 1011 4142 Damna,

418 4155 447 4214 2.
472 4152 566 4210 Dante
589 4154 647 4210 suis
672 4154 797 4224 palmam
822 4161 888 4226 post
910 4169 1014 4226 aspera
1037 4152 1114 4210 bella
1135 4165 1301 4226 supernam,

531 4231 599 4285 diem
620 4235 721 4298 sestam
742 4232 906 4285 celebrantes
924 4231 974 4284 snb
992 4233 1093 4286 hanam
1110 4247 1147 4284 ss.
1166 4230 1270 4283 &nesii
1289 4235 1312 4283 et
1327 4229 1493 4297 Theanonte',

416 4309 445 4366 3.
470 4305 524 4378 Qui
547 4306 575 4362 in
599 4307 694 4363 stadio
718 4301 856 4366 celelehri
879 4312 1044 4363 meruerunt
1066 4305 1194 4378 praemia
1215 4300 1302 4378 caeli,

530 4385 561 4437 de
580 4401 694 4452 ananam
712 4385 890 4439 sollemnitate
907 4385 1026 4453 aaadent
1044 4385 1135 4455 amacii
1151 4392 1199 4438 ete.

376 4527 455 4590 Trop.
480 4540 527 4573 ms.
546 4525 745 4574 Nuuantulense
768 4539 835 4575 saec.
860 4526 896 4574 in.
939 4524 1199 4575 Ood.Vitt.1iman.
1219 4519 1417 4585 1843(Sessor.
1438 4520 1493 4586 62),

306 4596 335 4646 A.
357 4623 387 4629 —
407 4594 486 4655 Trop.
512 4609 560 4641 ms.
582 4593 779 4643 Nanautulense
797 4607 866 4643 saee.
889 4591 928 4642 11.
964 4591 1027 4642 cod.
1046 4593 1192 4643 Bononien.
1210 4587 1335 4642 282111.
1354 4617 1390 4627 -
1408 4593 1491 4657 Trop.
