3409 5384
756 531 793 540 --
843 495 902 556 loo
944 529 987 536 -

653 715 715 770 rii.
743 715 778 768 ln
797 714 897 769 sancti
917 712 1091 769 Clementis.

412 860 440 920 1.
463 859 521 916 Hic
542 861 657 915 sanctus
681 856 766 928 digne
788 861 848 913 toto
875 862 1029 912 veneratur
1050 855 1080 912 in
1102 853 1182 926 orbe,

466 943 521 1016 Qui
542 941 660 1000 Domini
681 940 778 1000 verbis
801 941 842 997 sic
865 941 908 997 sic
929 941 1065 998 laudatur
1085 940 1116 996 iu
1138 938 1218 995 istis:

513 1020 594 1075 Dicit
612 1020 768 1074 Dominus:
786 1018 928 1073 Sermones
945 1020 1006 1084 mei,
1024 1035 1092 1088 qnos
1110 1016 1172 1072 dedi
1188 1017 1220 1070 in
1237 1033 1268 1071 os
1285 1019 1372 1080 mann,

511 1105 568 1147 non
586 1089 710 1157 deficient
727 1088 759 1142 de
776 1103 822 1143 ore
839 1094 894 1152 tuo,

413 1168 442 1226 2.
466 1164 511 1222 Tu
532 1163 599 1236 quia
621 1163 800 1221 commissum
822 1179 880 1220 non
902 1161 946 1220 vis
969 1163 1095 1219 retinere
1116 1160 1272 1232 talentum3

513 1243 590 1297 adest
607 1243 679 1296 enim
696 1257 795 1296 nomen
813 1247 897 1307 inum,

412 1321 441 1381 3.
464 1320 587 1389 Insuper
608 1317 734 1376 oblatum
756 1317 858 1374 niteris
881 1316 950 1374 dum
973 1312 1051 1373 ierre
1072 1321 1227 1384 sacratum,

374 1411 377 1416 ·
515 1403 539 1450 et
555 1413 671 1450 munera
688 1402 738 1450 tna
756 1401 867 1462 acceptu
885 1401 963 1450 erunt
981 1410 1063 1461 super
1078 1394 1164 1447 altare
1181 1409 1274 1447 mmm.

416 1474 446 1532 4.
468 1471 573 1528 Dulcia
595 1487 671 1528 nunc
693 1471 794 1527 summi
818 1465 992 1542 repetamus
1005 1468 1125 1527 verbula
1147 1468 1274 1541 Christi3

516 1549 596 1605 Dicit
613 1549 768 1604 Dominus:
787 1548 927 1603 Sermones
945 1550 1003 1614 mei,
1021 1562 1089 1616 qnos
1107 1547 1170 1600 dedi
1185 1548 1217 1599 in
1235 1561 1266 1600 os
1283 1550 1369 1610 tunm,

514 1636 571 1673 non
588 1618 711 1687 deficient
728 1622 774 1672 etc.

415 1697 443 1756 5.
468 1693 590 1751 Carmen
612 1693 705 1750 adhue
728 1693 842 1766 iterum,
867 1690 1035 1768 confratres,
1060 1690 1168 1749 volvite
1187 1705 1307 1757 mecum,

513 1772 593 1825 Dicit
611 1771 767 1826 Dominus:
786 1772 930 1826 Sermones
947 1773 1005 1833 mei,
1025 1786 1093 1838 qnos
1112 1769 1173 1822 dedi
1192 1774 1238 1822 ete.

352 1895 431 1961 Trop.
449 1911 497 1946 ms.
516 1897 648 1960 Augicnse
667 1910 735 1944 saec.
757 1890 796 1945 10.
835 1895 898 1944 Cod.
917 1895 1091 1958 Bambergen.
1110 1892 1151 1941 Ed
1169 1893 1194 1941 V
1210 1887 1235 1940 9.

654 2105 715 2160 228.
744 2106 778 2158 ln
797 2105 897 2160 sancti
917 2104 1092 2160 clementis.

416 2247 445 2305 1.
467 2245 612 2302 Aeternae
634 2245 769 2316 princeps
793 2245 865 2301 lucis
889 2245 1011 2303 donator
1033 2249 1194 2317 manetur,

471 2331 628 2389 Verborum
652 2330 732 2387 cuius
753 2330 899 2386 minimum
923 2345 976 2387 nec
997 2331 1056 2388 iota
1077 2329 1193 2404 peribit,

517 2407 596 2463 Dr'm't
614 2409 771 2462 Dominus:
790 2407 928 2463 Sermones
946 2409 1004 2472 mei,
1023 2423 1091 2475 qnos
1109 2408 1171 2462 dedi
1189 2408 1221 2460 in
1239 2422 1269 2460 os
1288 2412 1375 2471 tunm,

417 2485 447 2546 2.
471 2482 546 2542 Nam
569 2483 618 2555 qui
639 2502 657 2542 a
678 2499 733 2552 me,
758 2499 852 2540 rerum
876 2483 1009 2557 Domino,
1032 2498 1149 2540 manare
1172 2481 1341 2554 probantur,

387 2631 388 2638 χ
470 2567 589 2627 Scilicet
610 2569 640 2625 in
663 2569 756 2627 solida
779 2584 893 2641 semper
915 2569 1025 2626 ratione
1047 2574 1204 2637 manentes,

518 2663 575 2700 non
591 2647 712 2716 munient
730 2648 762 2701 de
779 2663 823 2702 ore
841 2653 904 2714 tn0,·
922 2647 998 2701 adest
1015 2649 1086 2700 enim
1103 2663 1198 2702 numen
1215 2652 1303 2711 inum,

418 2725 447 2782 3.
470 2722 546 2780 Dum
567 2723 640 2796 mihi
658 2729 687 2779 te
710 2723 814 2794 iugiter
837 2723 957 2780 sacrasti
980 2738 1081 2779 munus
1103 2722 1235 2794 amicum,

471 2807 576 2866 Hostia
598 2824 670 2880 quae
692 2808 763 2879 legis
786 2814 905 2880 superat
926 2808 1093 2866 holocausta
1112 2808 1229 2878 prioris,

518 2893 542 2940 et
559 2903 675 2940 munera
693 2893 742 2940 tna
760 2892 871 2954 accepta
889 2892 968 2940 ernnt
986 2902 1069 2954 snper
1086 2888 1174 2940 uitare
1192 2902 1286 2940 meum.

359 3012 437 3076 Trop.
456 3026 504 3059 rna.
525 3010 551 3060 S.
571 3010 702 3076 Arnulphi
719 3012 845 3061 Metanoia
865 3027 933 3061 saec.
953 3007 993 3060 12.
1012 3013 1048 3060 in.
1085 3010 1148 3060 Ood.
1167 3012 1264 3060 Meten.
1281 3005 1342 3059 452.

657 3218 719 3272 229.
748 3218 781 3271 In
801 3217 901 3273 sancti
920 3216 1093 3274 clementis.

423 3365 450 3422 1.
475 3361 618 3418 Virtutum
643 3376 767 3437 compos,
791 3361 838 3433 pie
861 3361 951 3417 servis
975 3375 1070 3432 parce,
1094 3360 1238 3433 sacerdos,

476 3447 561 3521 Nam,
585 3447 652 3519 quia
674 3445 748 3504 fidus
771 3461 845 3516 eras,
869 3446 1010 3502 caelorum
1034 3446 1267 3519 genuissemus,

522 3535 548 3579 et
566 3529 625 3579 ideo
643 3525 722 3580 Dtn't
739 3526 895 3579 Dominus:
915 3540 1048 3578 sermones
1066 3525 1123 3588 mei,
1141 3539 1209 3592 qnos
1227 3524 1290 3576 deut

522 3595 553 3646 a'n
570 3609 601 3647 os
620 3600 704 3658 tunm,
723 3609 780 3646 non
799 3594 924 3661 deficient
941 3594 972 3645 de
989 3609 1034 3647 ore
1051 3599 1106 3655 tna,

423 3671 451 3730 2.
475 3668 521 3726 Ex
544 3668 646 3739 quibus
668 3675 802 3725 aeternae
826 3669 908 3725 dabis
931 3667 993 3724 orbi
1018 3666 1124 3739 pabula
1147 3667 1239 3742 vitue3

524 3747 600 3800 adest
617 3749 687 3800 enim
705 3764 801 3801 nomen
818 3752 903 3812 tunm,

424 3824 453 3883 3.
478 3822 538 3892 Quo
561 3822 634 3884 mihi,
654 3823 782 3896 cognitus
806 3838 836 3878 es
859 3821 945 3877 sicuti
967 3821 1111 3878 mandrita
1132 3821 1265 3893 Moyses3

524 3905 548 3953 et
565 3916 677 3953 mnneru
695 3906 745 3953 tna
763 3905 873 3966 accepta
891 3906 970 3953 erunt
987 3915 1070 3968 snper
1087 3901 1173 3953 uttam
1190 3905 1276 3952 tunm.

362 4024 442 4089 Trop.
461 4038 509 4072 ms.
529 4023 555 4073 S.
573 4023 676 4073 Amulii
693 4025 821 4074 Metensis
840 4039 909 4074 saec,
929 4020 968 4073 12.
987 4026 1024 4073 in.
1059 4023 1122 4073 Cod.
1141 4025 1238 4072 Meton.
1255 4017 1315 4071 452.

696 4225 758 4282 230.
785 4227 820 4280 ln
839 4225 939 4282 sancti
957 4225 1068 4293 syrici.

427 4369 454 4426 1.
478 4366 635 4440 Festivom,
659 4368 738 4438 socii,
762 4368 847 4425 terris
871 4369 1008 4426 sollemne
1031 4369 1157 4425 colentes

527 4443 702 4498 Gaudeamus
721 4462 812 4500 omnes
831 4449 862 4500 in
880 4447 1001 4500 Domino

429 4523 458 4581 2.
480 4520 525 4578 Ac
548 4520 645 4576 dulces
670 4520 714 4577 illi
736 4537 893 4594 pangamus
916 4521 1032 4579 vocibus
1055 4519 1135 4594 odas,

528 4599 596 4652 diem
613 4601 712 4666 festum
731 4600 890 4654 celebrantes
909 4601 959 4653 snb
977 4600 1076 4653 honore
1094 4599 1164 4652 beuti
1181 4599 1282 4669 syna,
